@article{Ethier:2014bua,
    author = "Ethier, J.J. and Doshi, N. and Malace, S. and Melnitchouk, W.",
    title = "{Quasielastic electron-deuteron scattering in the weak binding approximation}",
    eprint = "1402.3910",
    archivePrefix = "arXiv",
    primaryClass = "nucl-th",
    reportNumber = "JLAB-THY-14-1843",
    doi = "10.1103/PhysRevC.89.065203",
    journal = "Phys. Rev. C",
    volume = "89",
    pages = "065203",
    year = "2014"
}

@article{Onengut:2005kv,
      author         = "Onengut, G. and others",
      title          = "{Measurement of nucleon structure functions in neutrino
                        scattering}",
      collaboration  = "CHORUS",
      journal        = "Phys. Lett.",
      volume         = "B632",
      year           = "2006",
      pages          = "65-75",
      doi            = "10.1016/j.physletb.2005.10.062",
      reportNumber   = "CERN-PH-EP-2005-048",
      SLACcitation   = "%%CITATION = PHLTA,B632,65;%%"
}

@article{Khachatryan:2015hha,
      author         = "Khachatryan, Vardan and others",
      title          = "{Study of W boson production in pPb collisions at
                        $\sqrt{s_{\mathrm{NN}}} =$ 5.02 TeV}",
      collaboration  = "CMS",
      journal        = "Phys. Lett.",
      volume         = "B750",
      year           = "2015",
      pages          = "565-586",
      doi            = "10.1016/j.physletb.2015.09.057",
      eprint         = "1503.05825",
      archivePrefix  = "arXiv",
      primaryClass   = "nucl-ex",
      reportNumber   = "CMS-HIN-13-007, CERN-PH-EP-2015-054",
      SLACcitation   = "%%CITATION = ARXIV:1503.05825;%%"
}


@article{Aad:2015gta,
      author         = "Aad, Georges and others",
      title          = "{$Z$ boson production in $p+$Pb collisions at
                        $\sqrt{s_{NN}}=5.02$ TeV measured with the ATLAS
                        detector}",
      collaboration  = "ATLAS",
      journal        = "Phys. Rev.",
      volume         = "C92",
      year           = "2015",
      number         = "4",
      pages          = "044915",
      doi            = "10.1103/PhysRevC.92.044915",
      eprint         = "1507.06232",
      archivePrefix  = "arXiv",
      primaryClass   = "hep-ex",
      reportNumber   = "CERN-PH-EP-2015-146",
      SLACcitation   = "%%CITATION = ARXIV:1507.06232;%%"
}


@article{Vasilev:1999fa,
      author         = "Vasilev, M. A. and others",
      title          = "{Parton energy loss limits and shadowing in Drell-Yan
                        dimuon production}",
      collaboration  = "NuSea",
      journal        = "Phys. Rev. Lett.",
      volume         = "83",
      year           = "1999",
      pages          = "2304-2307",
      doi            = "10.1103/PhysRevLett.83.2304",
      eprint         = "hep-ex/9906010",
      archivePrefix  = "arXiv",
      primaryClass   = "hep-ex",
      SLACcitation   = "%%CITATION = HEP-EX/9906010;%%"
}


@article{Arneodo:1996ru,
      author         = "Arneodo, M. and others",
      title          = "{The Q**2 dependence of the structure function ratio F2
                        Sn / F2 C and the difference R Sn - R C in deep inelastic
                        muon scattering}",
      collaboration  = "New Muon",
      journal        = "Nucl. Phys.",
      volume         = "B481",
      year           = "1996",
      pages          = "23-39",
      doi            = "10.1016/S0550-3213(96)90119-4",
      reportNumber   = "PRINT-97-206",
      SLACcitation   = "%%CITATION = NUPHA,B481,23;%%"
}
@article{Arneodo:1995cs,
      author         = "Arneodo, M. and others",
      title          = "{The Structure Function ratios F2(li) / F2(D) and F2(C) /
                        F2(D) at small x}",
      collaboration  = "New Muon",
      journal        = "Nucl. Phys.",
      volume         = "B441",
      year           = "1995",
      pages          = "12-30",
      doi            = "10.1016/0550-3213(95)00023-2",
      eprint         = "hep-ex/9504002",
      archivePrefix  = "arXiv",
      primaryClass   = "hep-ex",
      reportNumber   = "CERN-PPE-95-32, CERN-PPE-95-032",
      SLACcitation   = "%%CITATION = HEP-EX/9504002;%%"
}

@article{Gomez:1993ri,
      author         = "Gomez, J. and others",
      title          = "{Measurement of the A-dependence of deep inelastic
                        electron scattering}",
      journal        = "Phys. Rev.",
      volume         = "D49",
      year           = "1994",
      pages          = "4348-4372",
      doi            = "10.1103/PhysRevD.49.4348",
      reportNumber   = "SLAC-PUB-5813",
      SLACcitation   = "%%CITATION = PHRVA,D49,4348;%%"
}

@article{Armesto:2003fi,
      author         = "Armesto, N. and Capella, A. and Kaidalov, A. B. and
                        Lopez-Albacete, J. and Salgado, C. A.",
      title          = "{Nuclear structure functions at small x from inelastic
                        shadowing and diffraction}",
      journal        = "Eur. Phys. J.",
      volume         = "C29",
      year           = "2003",
      pages          = "531-540",
      doi            = "10.1140/epjc/s2003-01243-0",
      eprint         = "hep-ph/0304119",
      archivePrefix  = "arXiv",
      primaryClass   = "hep-ph",
      reportNumber   = "CERN-TH-2003-066, LPT-ORSAY-03-21, UCOFIS-2-03",
      SLACcitation   = "%%CITATION = HEP-PH/0304119;%%"
}
@article{Hirai:2001np,
      author         = "Hirai, M. and Kumano, S. and Miyama, M.",
      title          = "{Determination of nuclear parton distributions}",
      journal        = "Phys. Rev.",
      volume         = "D64",
      year           = "2001",
      pages          = "034003",
      doi            = "10.1103/PhysRevD.64.034003",
      eprint         = "hep-ph/0103208",
      archivePrefix  = "arXiv",
      primaryClass   = "hep-ph",
      reportNumber   = "SAGA-HE-170-01, TMU-NT-01-01",
      SLACcitation   = "%%CITATION = HEP-PH/0103208;%%"
}
@article{Huang:1997ii,
      author         = "Huang, Zheng and Lu, Hung Jung and Sarcevic, Ina",
      title          = "{Partonic picture of nuclear shadowing at small x}",
      journal        = "Nucl. Phys.",
      volume         = "A637",
      year           = "1998",
      pages          = "79-106",
      doi            = "10.1016/S0375-9474(98)00210-3",
      eprint         = "hep-ph/9705250",
      archivePrefix  = "arXiv",
      primaryClass   = "hep-ph",
      reportNumber   = "AZPH-TH-97-07",
      SLACcitation   = "%%CITATION = HEP-PH/9705250;%%"
}
@article{CiofidegliAtti:1990rw,
      author         = "Ciofi degli Atti, Claudio and Pace, E. and Salme, G.",
      title          = "{Y scaling analysis of quasielastic electron scattering
                        and nucleon momentum distributions in few body systems,
                        complex nuclei and nuclear matter}",
      journal        = "Phys. Rev.",
      volume         = "C43",
      year           = "1991",
      pages          = "1155-1176",
      doi            = "10.1103/PhysRevC.43.1155",
      reportNumber   = "INFN-ISS-90-8",
      SLACcitation   = "%%CITATION = PHRVA,C43,1155;%%"
}

@article{Bartels:2003aa,
      author         = "Bartels, J. and Gotsman, E. and Levin, E. and Lublinsky,
                        M. and Maor, U.",
      title          = "{QCD saturation and photoproduction on proton and nuclei
                        targets}",
      journal        = "Phys. Rev.",
      volume         = "D68",
      year           = "2003",
      pages          = "054008",
      doi            = "10.1103/PhysRevD.68.054008",
      eprint         = "hep-ph/0304166",
      archivePrefix  = "arXiv",
      primaryClass   = "hep-ph",
      reportNumber   = "TAUP-1001, DESY-03-050",
      SLACcitation   = "%%CITATION = HEP-PH/0304166;%%"
}
@article{Pohl1:2016xoo,
      author         = "Pohl, Randolf and others",
      title          = "{Laser spectroscopy of muonic deuterium}",
      collaboration  = "CREMA",
      journal        = "Science",
      volume         = "353",
      year           = "2016",
      number         = "6300",
      pages          = "669-673",
      doi            = "10.1126/science.aaf2468",
      SLACcitation   = "%%CITATION = SCIEA,353,669;%%"
}
@article{Schmidt:2018kjc,
      author         = "Schmidt, S. and others",
      title          = "{The next generation of laser spectroscopy experiments
                        using light muonic atoms}",
      booktitle      = "{Proceedings, 10th International Conference on Precision
                        Physics of Simple Atomic Systems (PSAS 2018): Vienna,
                        Austria, May 14-18, 2018}",
      journal        = "J. Phys. Conf. Ser.",
      volume         = "1138",
      year           = "2018",
      number         = "1",
      pages          = "012010",
      doi            = "10.1088/1742-6596/1138/1/012010",
      eprint         = "1808.07240",
      archivePrefix  = "arXiv",
      primaryClass   = "physics.atom-ph",
      SLACcitation   = "%%CITATION = ARXIV:1808.07240;%%"
}

@article{Bernauer:2013tpr,
      author         = "Bernauer, J. C. and others",
      title          = "{Electric and magnetic form factors of the proton}",
      collaboration  = "A1",
      journal        = "Phys. Rev.",
      volume         = "C90",
      year           = "2014",
      number         = "1",
      pages          = "015206",
      doi            = "10.1103/PhysRevC.90.015206",
      eprint         = "1307.6227",
      archivePrefix  = "arXiv",
      primaryClass   = "nucl-ex",
      SLACcitation   = "%%CITATION = ARXIV:1307.6227;%%"
}

@article{Bacca:2014tla,
      author         = "Bacca, Sonia and Pastore, Saori",
      title          = "{Electromagnetic reactions on light nuclei}",
      journal        = "J. Phys.",
      volume         = "G41",
      year           = "2014",
      number         = "12",
      pages          = "123002",
      doi            = "10.1088/0954-3899/41/12/123002",
      eprint         = "1407.3490",
      archivePrefix  = "arXiv",
      primaryClass   = "nucl-th",
      SLACcitation   = "%%CITATION = ARXIV:1407.3490;%%"
}
@article{Sick:2001rh,
      author         = "Sick, I.",
      title          = "{Elastic electron scattering from light nuclei}",
      journal        = "Prog. Part. Nucl. Phys.",
      volume         = "47",
      year           = "2001",
      pages          = "245-318",
      doi            = "10.1016/S0146-6410(01)00156-9",
      eprint         = "nucl-ex/0208009",
      archivePrefix  = "arXiv",
      primaryClass   = "nucl-ex",
      SLACcitation   = "%%CITATION = NUCL-EX/0208009;%%"
}
@article{Frankfurt:2011cs,
      author         = "Frankfurt, L. and Guzey, V. and Strikman, M.",
      title          = "{Leading Twist Nuclear Shadowing Phenomena in Hard
                        Processes with Nuclei}",
      journal        = "Phys. Rept.",
      volume         = "512",
      year           = "2012",
      pages          = "255-393",
      doi            = "10.1016/j.physrep.2011.12.002",
      eprint         = "1106.2091",
      archivePrefix  = "arXiv",
      primaryClass   = "hep-ph",
      reportNumber   = "JLAB-THY-11-1379",
      SLACcitation   = "%%CITATION = ARXIV:1106.2091;%%"
}

@article{Frankfurt:2002kd,
      author         = "Frankfurt, L. and Guzey, V. and McDermott, M. and
                        Strikman, M.",
      title          = "{Nuclear shadowing in deep inelastic scattering on
                        nuclei: Leading twist versus eikonal approaches}",
      journal        = "JHEP",
      volume         = "02",
      year           = "2002",
      pages          = "027",
      doi            = "10.1088/1126-6708/2002/02/027",
      eprint         = "hep-ph/0201230",
      archivePrefix  = "arXiv",
      primaryClass   = "hep-ph",
      reportNumber   = "LTH-522, ADP-01-41-T473",
      SLACcitation   = "%%CITATION = HEP-PH/0201230;%%"
}
@article{Armesto:2002ny,
      author         = "Armesto, N.",
      title          = "{A Simple model for nuclear structure functions at small
                        x in the dipole picture}",
      journal        = "Eur. Phys. J.",
      volume         = "C26",
      year           = "2002",
      pages          = "35-43",
      doi            = "10.1007/s10052-002-1021-z",
      eprint         = "hep-ph/0206017",
      archivePrefix  = "arXiv",
      primaryClass   = "hep-ph",
      reportNumber   = "UCOFIS-1-02",
      SLACcitation   = "%%CITATION = HEP-PH/0206017;%%"
}
@article{Eskola:1998df,
      author         = "Eskola, K. J. and Kolhinen, V. J. and Salgado, C. A.",
      title          = "{The Scale dependent nuclear effects in parton
                        distributions for practical applications}",
      journal        = "Eur. Phys. J.",
      volume         = "C9",
      year           = "1999",
      pages          = "61-68",
      doi            = "10.1007/s100520050513, 10.1007/s100529900005",
      eprint         = "hep-ph/9807297",
      archivePrefix  = "arXiv",
      primaryClass   = "hep-ph",
      reportNumber   = "JYFL-8-98, US-FT-14-98",
      SLACcitation   = "%%CITATION = HEP-PH/9807297;%%"
}
@article{Eskola:1998iy,
      author         = "Eskola, K. J. and Kolhinen, V. J. and Ruuskanen, P. V.",
      title          = "{Scale evolution of nuclear parton distributions}",
      journal        = "Nucl. Phys.",
      volume         = "B535",
      year           = "1998",
      pages          = "351-371",
      doi            = "10.1016/S0550-3213(98)00589-6",
      eprint         = "hep-ph/9802350",
      archivePrefix  = "arXiv",
      primaryClass   = "hep-ph",
      reportNumber   = "CERN-TH-97-345, JYFL-2-98",
      SLACcitation   = "%%CITATION = HEP-PH/9802350;%%"
}



@article{Garcon:2001sz,
      author         = "Garcon, M. and Van Orden, J. W.",
      title          = "{The Deuteron: Structure and form-factors}",
      journal        = "Adv. Nucl. Phys.",
      volume         = "26",
      year           = "2001",
      pages          = "293",
      doi            = "10.1007/0-306-47915-X_4",
      eprint         = "nucl-th/0102049",
      archivePrefix  = "arXiv",
      primaryClass   = "nucl-th",
      reportNumber   = "DAPNIA-SPHN-01-02, JLAB-THY-01-06, JLAB-THY-01-6",
      SLACcitation   = "%%CITATION = NUCL-TH/0102049;%%"
}
@article{Aubert:1983xm,
      author         = "Aubert, J. J. and others",
      title          = "{The ratio of the nucleon structure functions $F2_n$ for
                        iron and deuterium}",
      collaboration  = "European Muon",
      journal        = "Phys. Lett.",
      volume         = "123B",
      year           = "1983",
      pages          = "275-278",
      doi            = "10.1016/0370-2693(83)90437-9",
      reportNumber   = "CERN-EP/83-14",
      SLACcitation   = "%%CITATION = PHLTA,123B,275;%%"
}

@article{Airapetian:2012pg,
      author         = "Airapetian, A. and others",
      title          = "{Beam-helicity asymmetry arising from deeply virtual
                        Compton scattering measured with kinematically complete
                        event reconstruction}",
      collaboration  = "HERMES",
      journal        = "JHEP",
      volume         = "10",
      year           = "2012",
      pages          = "042",
      doi            = "10.1007/JHEP10(2012)042",
      eprint         = "1206.5683",
      archivePrefix  = "arXiv",
      primaryClass   = "hep-ex",
      reportNumber   = "DESY-12-095",
      SLACcitation   = "%%CITATION = ARXIV:1206.5683;%%"
}
@article{Airapetian:2012mq,
      author         = "Airapetian, A. and others",
      title          = "{Beam-helicity and beam-charge asymmetries associated
                        with deeply virtual Compton scattering on the unpolarised
                        proton}",
      collaboration  = "HERMES",
      journal        = "JHEP",
      volume         = "07",
      year           = "2012",
      pages          = "032",
      doi            = "10.1007/JHEP07(2012)032",
      eprint         = "1203.6287",
      archivePrefix  = "arXiv",
      primaryClass   = "hep-ex",
      reportNumber   = "DESY-12-040",
      SLACcitation   = "%%CITATION = ARXIV:1203.6287;%%"
}
@article{Airapetian:2008aa,
      author         = "Airapetian, A. and others",
      title          = "{Measurement of Azimuthal Asymmetries With Respect To
                        Both Beam Charge and Transverse Target Polarization in
                        Exclusive Electroproduction of Real Photons}",
      collaboration  = "HERMES",
      journal        = "JHEP",
      volume         = "06",
      year           = "2008",
      pages          = "066",
      doi            = "10.1088/1126-6708/2008/06/066",
      eprint         = "0802.2499",
      archivePrefix  = "arXiv",
      primaryClass   = "hep-ex",
      reportNumber   = "DESY-07-225",
      SLACcitation   = "%%CITATION = ARXIV:0802.2499;%%"
}
@article{Defurne:2015kxq,
      author         = "Defurne, M. and others",
      title          = "{E00-110 experiment at Jefferson Lab Hall A: Deeply
                        virtual Compton scattering off the proton at 6 GeV}",
      collaboration  = "Jefferson Lab Hall A",
      journal        = "Phys. Rev.",
      volume         = "C92",
      year           = "2015",
      number         = "5",
      pages          = "055202",
      doi            = "10.1103/PhysRevC.92.055202",
      eprint         = "1504.05453",
      archivePrefix  = "arXiv",
      primaryClass   = "nucl-ex",
      reportNumber   = "IRFU-15-12, JLAB-PHY-15-2038",
      SLACcitation   = "%%CITATION = ARXIV:1504.05453;%%"
}
@article{Jo:2015ema,
      author         = "Jo, H. S. and others",
      title          = "{Cross sections for the exclusive photon
                        electroproduction on the proton and Generalized Parton
                        Distributions}",
      collaboration  = "CLAS",
      journal        = "Phys. Rev. Lett.",
      volume         = "115",
      year           = "2015",
      number         = "21",
      pages          = "212003",
      doi            = "10.1103/PhysRevLett.115.212003",
      eprint         = "1504.02009",
      archivePrefix  = "arXiv",
      primaryClass   = "hep-ex",
      reportNumber   = "JLAB-PHY-15-2037",
      SLACcitation   = "%%CITATION = ARXIV:1504.02009;%%"
}
@article{Seder:2014cdc,
      author         = "Seder, E. and others",
      title          = "{Longitudinal target-spin asymmetries for deeply virtual
                        Compton scattering}",
      collaboration  = "CLAS",
      journal        = "Phys. Rev. Lett.",
      volume         = "114",
      year           = "2015",
      number         = "3",
      pages          = "032001",
      doi            = "10.1103/PhysRevLett.114.089901,
                        10.1103/PhysRevLett.114.032001",
      note           = "[Addendum: Phys. Rev. Lett.114,no.8,089901(2015)]",
      eprint         = "1410.6615",
      archivePrefix  = "arXiv",
      primaryClass   = "hep-ex",
      reportNumber   = "JLAB-PHY-14-1978",
      SLACcitation   = "%%CITATION = ARXIV:1410.6615;%%"
}
@article{Pisano:2015iqa,
      author         = "Pisano, S. and others",
      title          = "{Single and double spin asymmetries for deeply virtual
                        Compton scattering measured with CLAS and a longitudinally
                        polarized proton target}",
      collaboration  = "CLAS",
      journal        = "Phys. Rev.",
      volume         = "D91",
      year           = "2015",
      number         = "5",
      pages          = "052014",
      doi            = "10.1103/PhysRevD.91.052014",
      eprint         = "1501.07052",
      archivePrefix  = "arXiv",
      primaryClass   = "hep-ex",
      reportNumber   = "JLAB-PHY-15-2005",
      SLACcitation   = "%%CITATION = ARXIV:1501.07052;%%"
}
@article{HirlingerSaylor:2018bnu,
      author         = "Hirlinger Saylor, N. and others",
      title          = "{Measurement of Unpolarized and Polarized Cross Sections
                        for Deeply Virtual Compton Scattering on the Proton at
                        Jefferson Laboratory with CLAS}",
      collaboration  = "CLAS",
      journal        = "Phys. Rev.",
      volume         = "C98",
      year           = "2018",
      number         = "4",
      pages          = "045203",
      doi            = "10.1103/PhysRevC.98.045203",
      eprint         = "1810.02110",
      archivePrefix  = "arXiv",
      primaryClass   = "hep-ex",
      reportNumber   = "JLAB-PHY-18-2853",
      SLACcitation   = "%%CITATION = ARXIV:1810.02110;%%"
}
@article{Guzey:2003jh,
      author         = "Guzey, V. and Strikman, M.",
      title          = "{DVCS on spinless nuclear targets in impulse
                        approximation}",
      journal        = "Phys. Rev.",
      volume         = "C68",
      year           = "2003",
      pages          = "015204",
      doi            = "10.1103/PhysRevC.68.015204",
      eprint         = "hep-ph/0301216",
      archivePrefix  = "arXiv",
      primaryClass   = "hep-ph",
      reportNumber   = "RUB-TP2-19-03",
      SLACcitation   = "%%CITATION = HEP-PH/0301216;%%"
}
@article{Guzey:2008th,
      author         = "Guzey, V.",
      title          = "{Neutron contribution to nuclear DVCS asymmetries}",
      journal        = "Phys. Rev.",
      volume         = "C78",
      year           = "2008",
      pages          = "025211",
      doi            = "10.1103/PhysRevC.78.025211",
      eprint         = "0801.3235",
      archivePrefix  = "arXiv",
      primaryClass   = "nucl-th",
      reportNumber   = "JLAB-THY-08-767",
      SLACcitation   = "%%CITATION = ARXIV:0801.3235;%%"
}
@article{Guzey:2008fe,
      author         = "Guzey, V. and Thomas, A. W. and Tsushima, K.",
      title          = "{Medium modifications of the bound nucleon GPDs and
                        incoherent DVCS on nuclear targets}",
      journal        = "Phys. Lett.",
      volume         = "B673",
      year           = "2009",
      pages          = "9-14",
      doi            = "10.1016/j.physletb.2009.01.064",
      eprint         = "0806.3288",
      archivePrefix  = "arXiv",
      primaryClass   = "hep-ph",
      reportNumber   = "JLAB-THY-08-837",
      SLACcitation   = "%%CITATION = ARXIV:0806.3288;%%"
}

@article{Goeke:2001tz,
      author         = "Goeke, K. and Polyakov, Maxim V. and Vanderhaeghen, M.",
      title          = "{Hard exclusive reactions and the structure of hadrons}",
      journal        = "Prog. Part. Nucl. Phys.",
      volume         = "47",
      year           = "2001",
      pages          = "401-515",
      doi            = "10.1016/S0146-6410(01)00158-2",
      eprint         = "hep-ph/0106012",
      archivePrefix  = "arXiv",
      primaryClass   = "hep-ph",
      SLACcitation   = "%%CITATION = HEP-PH/0106012;%%"
}

@article{Favart:2015umi,
      author         = "Favart, L. and Guidal, M. and Horn, T. and Kroll, P.",
      title          = "{Deeply Virtual Meson Production on the nucleon}",
      journal        = "Eur. Phys. J.",
      volume         = "A52",
      year           = "2016",
      number         = "6",
      pages          = "158",
      doi            = "10.1140/epja/i2016-16158-2",
      eprint         = "1511.04535",
      archivePrefix  = "arXiv",
      primaryClass   = "hep-ph",
      SLACcitation   = "%%CITATION = ARXIV:1511.04535;%%"
}

@article{Collins:2011zzd,
      author         = "Collins, John",
      title          = "{Foundations of perturbative QCD}",
      journal        = "Camb. Monogr. Part. Phys. Nucl. Phys. Cosmol.",
      volume         = "32",
      year           = "2011",
      pages          = "1-624",
      SLACcitation   = "%%CITATION = CMPCE,32,1;%%"
}
@article{Leader:2013jra,
      author         = "Leader, E. and Lorcé, C.",
      title          = "{The angular momentum controversy: What’s it all about
                        and does it matter?}",
      journal        = "Phys. Rept.",
      volume         = "541",
      year           = "2014",
      number         = "3",
      pages          = "163-248",
      doi            = "10.1016/j.physrep.2014.02.010",
      eprint         = "1309.4235",
      archivePrefix  = "arXiv",
      primaryClass   = "hep-ph",
      SLACcitation   = "%%CITATION = ARXIV:1309.4235;%%"
}
@article{Collins:1996fb,
      author         = "Collins, John C. and Frankfurt, Leonid and Strikman,
                        Mark",
      title          = "{Factorization for hard exclusive electroproduction of
                        mesons in QCD}",
      journal        = "Phys. Rev.",
      volume         = "D56",
      year           = "1997",
      pages          = "2982-3006",
      doi            = "10.1103/PhysRevD.56.2982",
      eprint         = "hep-ph/9611433",
      archivePrefix  = "arXiv",
      primaryClass   = "hep-ph",
      reportNumber   = "CERN-TH-96-314, PSU-TH-168",
      SLACcitation   = "%%CITATION = HEP-PH/9611433;%%"
}
@article{Anselmino:2015uka,
      author         = "Anselmino, Mauro and Guidal, Michel and Rossi, Patrizia and others",
      title          = "{Topical issue on the 3-D structure of the nucleon}",
      journal        = "Eur. Phys. J.",
      volume         = "A52",
      year           = "2016",
      pages          = "164",
      doi            = "10.1140/epja/i2016-16164-4",
}
@article{Diehl:2015uka,
      author         = "Diehl, Markus",
      title          = "{Introduction to GPDs and TMDs}",
      journal        = "Eur. Phys. J.",
      volume         = "A52",
      year           = "2016",
      number         = "6",
      pages          = "149",
      doi            = "10.1140/epja/i2016-16149-3",
      eprint         = "1512.01328",
      archivePrefix  = "arXiv",
      primaryClass   = "hep-ph",
      reportNumber   = "DESY-15-234",
      SLACcitation   = "%%CITATION = ARXIV:1512.01328;%%"
}
@article{Collins:1998be,
      author         = "Collins, John C. and Freund, Andreas",
      title          = "{Proof of factorization for deeply virtual Compton
                        scattering in QCD}",
      journal        = "Phys. Rev.",
      volume         = "D59",
      year           = "1999",
      pages          = "074009",
      doi            = "10.1103/PhysRevD.59.074009",
      eprint         = "hep-ph/9801262",
      archivePrefix  = "arXiv",
      primaryClass   = "hep-ph",
      reportNumber   = "PSU-TH-192",
      SLACcitation   = "%%CITATION = HEP-PH/9801262;%%"
}

@article{Brodsky:2004qa,
      author         = "Brodsky, Stanley J. and Schmidt, Ivan and Yang, Jian-Jun",
      title          = "{Nuclear antishadowing in neutrino deep inelastic
                        scattering}",
      journal        = "Phys. Rev.",
      volume         = "D70",
      year           = "2004",
      pages          = "116003",
      doi            = "10.1103/PhysRevD.70.116003",
      eprint         = "hep-ph/0409279",
      archivePrefix  = "arXiv",
      primaryClass   = "hep-ph",
      reportNumber   = "SLAC-PUB-9677, USM-TH-136",
      SLACcitation   = "%%CITATION = HEP-PH/0409279;%%"
}

@article{Arneodo:1992wf,
      author         = "Arneodo, Michele",
      title          = "{Nuclear effects in structure functions}",
      journal        = "Phys. Rept.",
      volume         = "240",
      year           = "1994",
      pages          = "301-393",
      doi            = "10.1016/0370-1573(94)90048-5",
      reportNumber   = "CERN-PPE-92-113",
      SLACcitation   = "%%CITATION = PRPLC,240,301;%%"
}

@article{Norton:2003cb,
      author         = "Norton, P. R.",
      title          = "{The EMC effect}",
      journal        = "Rept. Prog. Phys.",
      volume         = "66",
      year           = "2003",
      pages          = "1253-1297",
      doi            = "10.1088/0034-4885/66/8/201",
      SLACcitation   = "%%CITATION = RPPHA,66,1253;%%"
}

@article{Malace:2014uea,
      author         = "Malace, Simona and Gaskell, David and Higinbotham,
                        Douglas W. and Cloet, Ian",
      title          = "{The Challenge of the EMC Effect: existing data and
                        future directions}",
      journal        = "Int. J. Mod. Phys.",
      volume         = "E23",
      year           = "2014",
      number         = "08",
      pages          = "1430013",
      doi            = "10.1142/S0218301314300136",
      eprint         = "1405.1270",
      archivePrefix  = "arXiv",
      primaryClass   = "nucl-ex",
      reportNumber   = "JLAB-PHY-14-1886",
      SLACcitation   = "%%CITATION = ARXIV:1405.1270;%%"
}
@article{Adrian:2018scb,
      author         = "Adrian, P. H. and others",
      title          = "{Search for a dark photon in electroproduced $e^{+}e^{-}$
                        pairs with the Heavy Photon Search experiment at JLab}",
      collaboration  = "HPS",
      journal        = "Phys. Rev.",
      volume         = "D98",
      year           = "2018",
      number         = "9",
      pages          = "091101",
      doi            = "10.1103/PhysRevD.98.091101",
      eprint         = "1807.11530",
      archivePrefix  = "arXiv",
      primaryClass   = "hep-ex",
      reportNumber   = "FERMILAB-PUB-18-375-PPD",
      SLACcitation   = "%%CITATION = ARXIV:1807.11530;%%"
}


@article{Seely:2009gt,
      author         = "Seely, J. and others",
      title          = "{New measurements of the EMC effect in very light
                        nuclei}",
      journal        = "Phys. Rev. Lett.",
      volume         = "103",
      year           = "2009",
      pages          = "202301",
      doi            = "10.1103/PhysRevLett.103.202301",
      eprint         = "0904.4448",
      archivePrefix  = "arXiv",
      primaryClass   = "nucl-ex",
      reportNumber   = "JLAB-PHY-09-956",
      SLACcitation   = "%%CITATION = ARXIV:0904.4448;%%"
}
@article{Egiyan:2005hs,
       author         = "Egiyan, K. S. and others",
       title          = "{Measurement of 2- and 3-nucleon short range correlation
                         probabilities in nuclei}",
       collaboration  = "CLAS",
       journal        = "Phys. Rev. Lett.",
       volume         = "96",
       year           = "2006",
       pages          = "082501",
       doi            = "10.1103/PhysRevLett.96.082501",
       eprint         = "nucl-ex/0508026",
       archivePrefix  = "arXiv",
       primaryClass   = "nucl-ex",
       reportNumber   = "JLAB-PHY-05-285",
       SLACcitation   = "%%CITATION = NUCL-EX/0508026;%%"
}


@article{Fomin:2011ng,
       author         = "Fomin, N. and others",
       title          = "{New measurements of high-momentum nucleons and
                         short-range structures in nuclei}",
       journal        = "Phys. Rev. Lett.",
       volume         = "108",
       year           = "2012",
       pages          = "092502",
       doi            = "10.1103/PhysRevLett.108.092502",
       eprint         = "1107.3583",
       archivePrefix  = "arXiv",
       primaryClass   = "nucl-ex",
       reportNumber   = "JLAB-PHY-11-1408",
       SLACcitation   = "%%CITATION = ARXIV:1107.3583;%%"
}

@article{Alde:1990im,
      author         = "Alde, D. M. and others",
      title          = "{Nuclear dependence of dimuon production at 800-GeV.
                        FNAL-772 experiment}",
      journal        = "Phys. Rev. Lett.",
      volume         = "64",
      year           = "1990",
      pages          = "2479-2482",
      doi            = "10.1103/PhysRevLett.64.2479",
      SLACcitation   = "%%CITATION = PRLTA,64,2479;%%"
}
@article{Eskola:2009uj,
      author         = "Eskola, K. J. and Paukkunen, H. and Salgado, C. A.",
      title          = "{EPS09: A New Generation of NLO and LO Nuclear Parton
                        Distribution Functions}",
      journal        = "JHEP",
      volume         = "04",
      year           = "2009",
      pages          = "065",
      doi            = "10.1088/1126-6708/2009/04/065",
      eprint         = "0902.4154",
      archivePrefix  = "arXiv",
      primaryClass   = "hep-ph",
      SLACcitation   = "%%CITATION = ARXIV:0902.4154;%%"
}
@article{Eskola:2016oht,
      author         = "Eskola, Kari J. and Paakkinen, Petja and Paukkunen, Hannu
                        and Salgado, Carlos A.",
      title          = "{EPPS16: Nuclear parton distributions with LHC data}",
      journal        = "Eur. Phys. J.",
      volume         = "C77",
      year           = "2017",
      number         = "3",
      pages          = "163",
      doi            = "10.1140/epjc/s10052-017-4725-9",
      eprint         = "1612.05741",
      archivePrefix  = "arXiv",
      primaryClass   = "hep-ph",
      SLACcitation   = "%%CITATION = ARXIV:1612.05741;%%"
}

@article{Accardi:2012qut,
      author         = "Accardi, A. and others",
      editor         = "Deshpande, A. and Meziani, Z. E. and Qiu, J. W.",
      title          = "{Electron Ion Collider: The Next QCD Frontier}",
      journal        = "Eur. Phys. J.",
      volume         = "A52",
      year           = "2016",
      number         = "9",
      pages          = "268",
      doi            = "10.1140/epja/i2016-16268-9",
      eprint         = "1212.1701",
      archivePrefix  = "arXiv",
      primaryClass   = "nucl-ex",
      reportNumber   = "BNL-98815-2012-JA, JLAB-PHY-12-1652",
      SLACcitation   = "%%CITATION = ARXIV:1212.1701;%%"
}
@article{Duer:2018sxh,
      author         = "Duer, M. and others",
      title          = "{Direct Observation of Proton-Neutron Short-Range
                        Correlation Dominance in Heavy Nuclei}",
      collaboration  = "CLAS",
      journal        = "Phys. Rev. Lett.",
      volume         = "122",
      year           = "2019",
      number         = "17",
      pages          = "172502",
      doi            = "10.1103/PhysRevLett.122.172502",
      eprint         = "1810.05343",
      archivePrefix  = "arXiv",
      primaryClass   = "nucl-ex",
      SLACcitation   = "%%CITATION = ARXIV:1810.05343;%%"
}

@article{Emrich:1983xb,
      author         = "Emrich, H. J. and Fricke, G. and Mallot, G. and Miska, H.
                        and Sieberling, H. G. and Cavedon, J. M. and Frois, B. and
                        Goutte, D.",
      title          = "{Radial Distribution of Nucleons in Isotopes Ca-48,
                        Ca-40.}",
      booktitle      = "{NUCLEAR STRUCTURE. PROCEEDINGS, INTERNATIONAL CONFERENCE
                        (9TH EPS NUCLEAR PHYSICS DIVISIONAL CONFERENCE),
                        AMSTERDAM, NETHERLANDS, AUGUST 30 - SEPTEMBER 3, 1982}",
      journal        = "Nucl. Phys.",
      volume         = "A396",
      year           = "1983",
      pages          = "401C-408C",
      doi            = "10.1016/0375-9474(83)90034-9",
      SLACcitation   = "%%CITATION = NUPHA,A396,401C;%%"
}
@article{Tanihata:1992wf,
       author         = "Tanihata, I. and Hirata, D. and Kobayashi, T. and
                         Shimoura, S. and Sugimoto, K. and Toki, H.",
       title          = "{Revealing of thick neutron skins in nuclei}",
       journal        = "Phys. Lett.",
       volume         = "B289",
       year           = "1992",
       pages          = "261-266",
       doi            = "10.1016/0370-2693(92)91216-V",
       reportNumber   = "RIKEN-AF-NP-123",
       SLACcitation   = "%%CITATION = PHLTA,B289,261;%%"
}
@article{Alkhazov:1997zz,
       author         = "Alkhazov, G. D. and others",
       title          = "{Nuclear Matter Distributions in He-6 and He-8 from Small
                         Angle p-He Scattering in Inverse Kinematics at
                         Intermediate Energy}",
       journal        = "Phys. Rev. Lett.",
       volume         = "78",
       year           = "1997",
       pages          = "2313-2316",
       doi            = "10.1103/PhysRevLett.78.2313",
       SLACcitation   = "%%CITATION = PRLTA,78,2313;%%"
}
@article{Sick:1982wq,
       author         = "Sick, I.",
       title          = "{Precise Nuclear Radii from Electron Scattering}",
       journal        = "Phys. Lett.",
       volume         = "116B",
       year           = "1982",
       pages          = "212-214",
       doi            = "10.1016/0370-2693(82)90327-6",
       SLACcitation   = "%%CITATION = PHLTA,116B,212;%%"
}
@article{Kiselev:2005aa,
       author         = "Kiselev, O. A. and others",
       title          = "{Investigation of nuclear matter distribution of the neutron-rich He
			isotopes by proton elastic scattering at intermediate energies}",
       journal        = "Eur. Phys. J.",
       volume         = "A25",
       year           = "2005",
       pages          = "215-216",
       doi            = "10.1140/epjad/i2005-06-156-3"
}

@article{Caurier:2005rb,
       author         = "Caurier, E. and Navratil, P.",
       title          = "{Proton radii of He-4, He-6, He-8 isotopes from
                         high-precision nucleon-nucleon interactions}",
       journal        = "Phys. Rev.",
       volume         = "C73",
       year           = "2006",
       pages          = "021302",
       doi            = "10.1103/PhysRevC.73.021302",
       eprint         = "nucl-th/0512015",
       archivePrefix  = "arXiv",
       primaryClass   = "nucl-th",
       reportNumber   = "UCRL-JRNL-217508",
       SLACcitation   = "%%CITATION = NUCL-TH/0512015;%%"
}

@article{Pieper:2007ax,
       author         = "Pieper, Steven C.",
       title          = "{Quantum Monte Carlo calculations of light nuclei}",
       booktitle      = "{Nuclear structure far from stability: New physics and
                         new technology. Proceedings, 169th Course of the
                         International School of Physics 'Enrico Fermi', Varenna,
                         Italy, July 17-27, 2007}",
       journal        = "Riv. Nuovo Cim.",
       volume         = "31",
       year           = "2008",
       pages          = "709-740",
       doi            = "10.1393/ncr/i2009-10039-1",
       note           = "[,111(2007)]",
       eprint         = "0711.1500",
       archivePrefix  = "arXiv",
       primaryClass   = "nucl-th",
       SLACcitation   = "%%CITATION = ARXIV:0711.1500;%%"
}
@article{Duer:2018sby,
      author         = "Duer, M. and others",
      title          = "{Probing high-momentum protons and neutrons in
                        neutron-rich nuclei}",
      collaboration  = "CLAS",
      journal        = "Nature",
      volume         = "560",
      year           = "2018",
      number         = "7720",
      pages          = "617-621",
      doi            = "10.1038/s41586-018-0400-z",
      SLACcitation   = "%%CITATION = NATUA,560,617;%%"
}
@article{Hen:2014nza,
      author         = "Hen, O. and others",
      title          = "{Momentum sharing in imbalanced Fermi systems}",
      journal        = "Science",
      volume         = "346",
      year           = "2014",
      pages          = "614-617",
      doi            = "10.1126/science.1256785",
      eprint         = "1412.0138",
      archivePrefix  = "arXiv",
      primaryClass   = "nucl-ex",
      SLACcitation   = "%%CITATION = ARXIV:1412.0138;%%"
}
@article{Subedi:2008zz,
      author         = "Subedi, R. and others",
      title          = "{Probing Cold Dense Nuclear Matter}",
      journal        = "Science",
      volume         = "320",
      year           = "2008",
      pages          = "1476-1478",
      doi            = "10.1126/science.1156675",
      eprint         = "0908.1514",
      archivePrefix  = "arXiv",
      primaryClass   = "nucl-ex",
      reportNumber   = "JLAB-PHY-08-828",
      SLACcitation   = "%%CITATION = ARXIV:0908.1514;%%"
}

@article{Piasetzky:2006ai,
      author         = "Piasetzky, E. and Sargsian, M. and Frankfurt, L. and
                        Strikman, M. and Watson, J. W.",
      title          = "{Evidence for the strong dominance of proton-neutron
                        correlations in nuclei}",
      journal        = "Phys. Rev. Lett.",
      volume         = "97",
      year           = "2006",
      pages          = "162504",
      doi            = "10.1103/PhysRevLett.97.162504",
      eprint         = "nucl-th/0604012",
      archivePrefix  = "arXiv",
      primaryClass   = "nucl-th",
      reportNumber   = "FIU-NUPAR-04-06",
      SLACcitation   = "%%CITATION = NUCL-TH/0604012;%%"
}
@article{Wiringa:2013ala,
      author         = "Wiringa, R. B. and Schiavilla, R. and Pieper, Steven C.
                        and Carlson, J.",
      title          = "{Nucleon and nucleon-pair momentum distributions in $A
                        \le 12$ nuclei}",
      journal        = "Phys. Rev.",
      volume         = "C89",
      year           = "2014",
      number         = "2",
      pages          = "024305",
      doi            = "10.1103/PhysRevC.89.024305",
      eprint         = "1309.3794",
      archivePrefix  = "arXiv",
      primaryClass   = "nucl-th",
      reportNumber   = "JLAB-THY-13-1789",
      SLACcitation   = "%%CITATION = ARXIV:1309.3794;%%"
}

@article{Camsonne:2013dfp,
      author         = "Camsonne, A. and others",
      title          = "{JLab Measurement of the $^4$He Charge Form Factor at
                        Large Momentum Transfers}",
      collaboration  = "Jefferson Lab Hall A",
      journal        = "Phys. Rev. Lett.",
      volume         = "112",
      year           = "2014",
      number         = "13",
      pages          = "132503",
      doi            = "10.1103/PhysRevLett.112.132503",
      eprint         = "1309.5297",
      archivePrefix  = "arXiv",
      primaryClass   = "nucl-ex",
      reportNumber   = "JLAB-PHY-13-1798",
      SLACcitation   = "%%CITATION = ARXIV:1309.5297;%%"
}
@article{Pohl:2010zza,
      author         = "Pohl, Randolf and others",
      title          = "{The size of the proton}",
      journal        = "Nature",
      volume         = "466",
      year           = "2010",
      pages          = "213-216",
      doi            = "10.1038/nature09250",
      SLACcitation   = "%%CITATION = NATUA,466,213;%%"
}
@article{Strauch:2002wu,
      author         = "Strauch, S. and others",
      title          = "{Polarization transfer in the He-4 (polarized-e, e-prime
                        polarized-p) H-3 reaction up to $Q^2 = 2.6$-(GeV/c)$^2$}",
      collaboration  = "Jefferson Lab E93-049",
      journal        = "Phys. Rev. Lett.",
      volume         = "91",
      year           = "2003",
      pages          = "052301",
      doi            = "10.1103/PhysRevLett.91.052301",
      eprint         = "nucl-ex/0211022",
      archivePrefix  = "arXiv",
      primaryClass   = "nucl-ex",
      reportNumber   = "JLAB-PHY-02-44",
      SLACcitation   = "%%CITATION = NUCL-EX/0211022;%%"
}
@article{Higinbotham:2010ye,
      author         = "Higinbotham, D. W. and Gomez, J. and Piasetzky, E.",
      title          = "{Nuclear Scaling and the EMC Effect}",
      year           = "2010",
      eprint         = "1003.4497",
      archivePrefix  = "arXiv",
      primaryClass   = "hep-ph",
      journal        = "arXiv:1003.4497",
      reportNumber   = "JLAB-PHY-10-1158",
      SLACcitation   = "%%CITATION = ARXIV:1003.4497;%%"
}
@article{CiofidegliAtti:1995qe,
      author         = "Ciofi degli Atti, Claudio and Simula, S.",
      title          = "{Realistic model of the nucleon spectral function in few
                        and many nucleon systems}",
      journal        = "Phys. Rev.",
      volume         = "C53",
      year           = "1996",
      pages          = "1689",
      doi            = "10.1103/PhysRevC.53.1689",
      eprint         = "nucl-th/9507024",
      archivePrefix  = "arXiv",
      primaryClass   = "nucl-th",
      SLACcitation   = "%%CITATION = NUCL-TH/9507024;%%"
}
@article{Antognini:1900ns,
      author         = "Antognini, Aldo and others",
      title          = "{Proton Structure from the Measurement of $2S-2P$
                        Transition Frequencies of Muonic Hydrogen}",
      journal        = "Science",
      volume         = "339",
      year           = "2013",
      pages          = "417-420",
      doi            = "10.1126/science.1230016",
      SLACcitation   = "%%CITATION = SCIEA,339,417;%%"
}
@article{Shahri:2016uzl,
      author         = "Taghavi-Shahri, F. and Khanpour, Hamzeh and Atashbar
                        Tehrani, S. and Alizadeh Yazdi, Z.",
      title          = "{Next-to-next-to-leading order QCD analysis of
                        spin-dependent parton distribution functions and their
                        uncertainties: Jacobi polynomials approach}",
      journal        = "Phys. Rev.",
      volume         = "D93",
      year           = "2016",
      number         = "11",
      pages          = "114024",
      doi            = "10.1103/PhysRevD.93.114024",
      eprint         = "1603.03157",
      archivePrefix  = "arXiv",
      primaryClass   = "hep-ph",
      SLACcitation   = "%%CITATION = ARXIV:1603.03157;%%"
}

@article{Kovarik:2015cma,
      author         = "Kovarik, K. and others",
      title          = "{nCTEQ15 - Global analysis of nuclear parton
                        distributions with uncertainties in the CTEQ framework}",
      journal        = "Phys. Rev.",
      volume         = "D93",
      year           = "2016",
      number         = "8",
      pages          = "085037",
      doi            = "10.1103/PhysRevD.93.085037",
      eprint         = "1509.00792",
      archivePrefix  = "arXiv",
      primaryClass   = "hep-ph",
      reportNumber   = "LPSC-15-153, MS-TP-15-11, FERMILAB-PUB-15-375-ND-PPD-T",
      SLACcitation   = "%%CITATION = ARXIV:1509.00792;%%"
}

@article{Pohl:2013yb,
      author         = "Pohl, Randolf and Gilman, Ronald and Miller, Gerald A.
                        and Pachucki, Krzysztof",
      title          = "{Muonic hydrogen and the proton radius puzzle}",
      journal        = "Ann. Rev. Nucl. Part. Sci.",
      volume         = "63",
      year           = "2013",
      pages          = "175-204",
      doi            = "10.1146/annurev-nucl-102212-170627",
      eprint         = "1301.0905",
      archivePrefix  = "arXiv",
      primaryClass   = "physics.atom-ph",
      SLACcitation   = "%%CITATION = ARXIV:1301.0905;%%"
}

@article{Carlson:2014vla,
      author         = "Carlson, J. and Gandolfi, S. and Pederiva, F. and Pieper,
                        Steven C. and Schiavilla, R. and Schmidt, K. E. and
                        Wiringa, R. B.",
      title          = "{Quantum Monte Carlo methods for nuclear physics}",
      journal        = "Rev. Mod. Phys.",
      volume         = "87",
      year           = "2015",
      pages          = "1067",
      doi            = "10.1103/RevModPhys.87.1067",
      eprint         = "1412.3081",
      archivePrefix  = "arXiv",
      primaryClass   = "nucl-th",
      reportNumber   = "LA-UR-14-29251, JLAB-THY-14-1989",
      SLACcitation   = "%%CITATION = ARXIV:1412.3081;%%"
}

@article{Mueller:2008bj,
      author         = "Mueller, P. and others",
      title          = "{Nuclear charge radius of He-8}",
      journal        = "Phys. Rev. Lett.",
      volume         = "99",
      year           = "2007",
      pages          = "252501",
      doi            = "10.1103/PhysRevLett.99.252501",
      eprint         = "0801.0601",
      archivePrefix  = "arXiv",
      primaryClass   = "nucl-ex",
      SLACcitation   = "%%CITATION = ARXIV:0801.0601;%%"
}
@article{Wang:2004ze,
      author         = "Wang, L. -B. and others",
      title          = "{Laser spectroscopic determination of the He-6 nuclear
                        charge radius}",
      journal        = "Phys. Rev. Lett.",
      volume         = "93",
      year           = "2004",
      pages          = "142501",
      doi            = "10.1103/PhysRevLett.93.142501",
      eprint         = "nucl-ex/0408008",
      archivePrefix  = "arXiv",
      primaryClass   = "nucl-ex",
      SLACcitation   = "%%CITATION = NUCL-EX/0408008;%%"
}
@article{Cloet:2005rt,
      author         = "Cloet, I. C. and Bentz, Wolfgang and Thomas, Anthony
                        William",
      title          = "{Spin-dependent structure functions in nuclear matter and
                        the polarized EMC effect}",
      journal        = "Phys. Rev. Lett.",
      volume         = "95",
      year           = "2005",
      pages          = "052302",
      doi            = "10.1103/PhysRevLett.95.052302",
      eprint         = "nucl-th/0504019",
      archivePrefix  = "arXiv",
      primaryClass   = "nucl-th",
      reportNumber   = "ADP-05-06-T617, JLAB-THY-05-316",
      SLACcitation   = "%%CITATION = NUCL-TH/0504019;%%"
}

@article{DeJager:1987qc,
      author         = "De Vries, H. and De Jager, C. W. and De Vries, C.",
      title          = "{Nuclear charge and magnetization density distribution
                        parameters from elastic electron scattering}",
      journal        = "Atom. Data Nucl. Data Tabl.",
      volume         = "36",
      year           = "1987",
      pages          = "495-536",
      doi            = "10.1016/0092-640X(87)90013-1",
      SLACcitation   = "%%CITATION = ADNDA,36,495;%%"
}

@article{Miller:2007uy,
      author         = "Miller, Gerald A.",
      title          = "{Charge Density of the Neutron}",
      journal        = "Phys. Rev. Lett.",
      volume         = "99",
      year           = "2007",
      pages          = "112001",
      doi            = "10.1103/PhysRevLett.99.112001",
      eprint         = "0705.2409",
      archivePrefix  = "arXiv",
      primaryClass   = "nucl-th",
      reportNumber   = "NT@UW-07-07",
      SLACcitation   = "%%CITATION = ARXIV:0705.2409;%%"
}


@article{Hen:2016kwk,
      author         = "Hen, O. and Miller, G. A. and Piasetzky, E. and
                        Weinstein, L. B.",
      title          = "{Nucleon-Nucleon Correlations, Short-lived Excitations,
                        and the Quarks Within}",
      journal        = "Rev. Mod. Phys.",
      volume         = "89",
      year           = "2017",
      number         = "4",
      pages          = "045002",
      doi            = "10.1103/RevModPhys.89.045002",
      eprint         = "1611.09748",
      archivePrefix  = "arXiv",
      primaryClass   = "nucl-ex",
      SLACcitation   = "%%CITATION = ARXIV:1611.09748;%%"
}

@article{Zeller:2001hh,
      author         = "Zeller, G. P. and others",
      title          = "{A Precise determination of electroweak parameters in
                        neutrino nucleon scattering}",
      collaboration  = "NuTeV",
      journal        = "Phys. Rev. Lett.",
      volume         = "88",
      year           = "2002",
      pages          = "091802",
      doi            = "10.1103/PhysRevLett.88.091802,
                        10.1103/PhysRevLett.90.239902",
      note           = "[Erratum: Phys. Rev. Lett.90,239902(2003)]",
      eprint         = "hep-ex/0110059",
      archivePrefix  = "arXiv",
      primaryClass   = "hep-ex",
      reportNumber   = "FERMILAB-PUB-01-341-E",
      SLACcitation   = "%%CITATION = HEP-EX/0110059;%%"
}

@article{Cloet:2009qs,
      author         = "Cloet, I. C. and Bentz, W. and Thomas, A. W.",
      title          = "{Isovector EMC effect explains the NuTeV anomaly}",
      journal        = "Phys. Rev. Lett.",
      volume         = "102",
      year           = "2009",
      pages          = "252301",
      doi            = "10.1103/PhysRevLett.102.252301",
      eprint         = "0901.3559",
      archivePrefix  = "arXiv",
      primaryClass   = "nucl-th",
      reportNumber   = "NT-UW-09-03, JLAB-THY-09-933",
      SLACcitation   = "%%CITATION = ARXIV:0901.3559;%%"
}

@article{Weinstein:2010rt,
      author         = "Weinstein, L. B. and Piasetzky, E. and Higinbotham, D. W.
                        and Gomez, J. and Hen, O. and Shneor, R.",
      title          = "{Short Range Correlations and the EMC Effect}",
      journal        = "Phys. Rev. Lett.",
      volume         = "106",
      year           = "2011",
      pages          = "052301",
      doi            = "10.1103/PhysRevLett.106.052301",
      eprint         = "1009.5666",
      archivePrefix  = "arXiv",
      primaryClass   = "hep-ph",
      reportNumber   = "JLAB-PHY-10-1227",
      SLACcitation   = "%%CITATION = ARXIV:1009.5666;%%"
}

@article{Hen:2014nza,
      author         = "Hen, O. and others",
      title          = "{Momentum sharing in imbalanced Fermi systems}",
      journal        = "Science",
      volume         = "346",
      year           = "2014",
      pages          = "614-617",
      doi            = "10.1126/science.1256785",
      eprint         = "1412.0138",
      archivePrefix  = "arXiv",
      primaryClass   = "nucl-ex",
      SLACcitation   = "%%CITATION = ARXIV:1412.0138;%%"
}
@article{Belitsky:2005qn,
      author         = "Belitsky, A. V. and Radyushkin, A. V.",
      title          = "{Unraveling hadron structure with generalized parton
                        distributions}",
      journal        = "Phys. Rept.",
      volume         = "418",
      year           = "2005",
      pages          = "1-387",
      doi            = "10.1016/j.physrep.2005.06.002",
      eprint         = "hep-ph/0504030",
      archivePrefix  = "arXiv",
      primaryClass   = "hep-ph",
      reportNumber   = "JLAB-THY-04-34",
      SLACcitation   = "%%CITATION = HEP-PH/0504030;%%"
}
@article{Piasetzky:2006ai,
      author         = "Piasetzky, E. and Sargsian, M. and Frankfurt, L. and
                        Strikman, M. and Watson, J. W.",
      title          = "{Evidence for the strong dominance of proton-neutron
                        correlations in nuclei}",
      journal        = "Phys. Rev. Lett.",
      volume         = "97",
      year           = "2006",
      pages          = "162504",
      doi            = "10.1103/PhysRevLett.97.162504",
      eprint         = "nucl-th/0604012",
      archivePrefix  = "arXiv",
      primaryClass   = "nucl-th",
      reportNumber   = "FIU-NUPAR-04-06",
      SLACcitation   = "%%CITATION = NUCL-TH/0604012;%%"
}
@article{Diehl:2003ny,
      author         = "Diehl, M.",
      title          = "{Generalized parton distributions}",
      journal        = "Phys. Rept.",
      volume         = "388",
      year           = "2003",
      pages          = "41-277",
      doi            = "10.1016/j.physrep.2003.08.002,
                        10.3204/DESY-THESIS-2003-018",
      eprint         = "hep-ph/0307382",
      archivePrefix  = "arXiv",
      primaryClass   = "hep-ph",
      reportNumber   = "DESY-THESIS-2003-018",
      SLACcitation   = "%%CITATION = HEP-PH/0307382;%%"
}
@article{Kriesten:2019jep,
      author         = "Kriesten, Brandon and Liuti, Simonetta and Calero-Diaz,
                        Liliet and Keller, Dustin and Meyer, Andrew and Goldstein,
                        Gary R. and Gonzalez-Hernandez, J. Osvaldo",
      title          = "{Extraction of Generalized Parton Distribution
                        Observables from Deeply Virtual Electron Proton Scattering
                        Experiments}",
      year           = "2019",
      eprint         = "1903.05742",
      archivePrefix  = "arXiv",
      journal        = "arXiv:1903.05742",
      primaryClass   = "hep-ph",
      SLACcitation   = "%%CITATION = ARXIV:1903.05742;%%"
}
@article{Kirchner:2003wt,
      author         = "Kirchner, A. and Mueller, Dieter",
      title          = "{Deeply virtual Compton scattering off nuclei}",
      journal        = "Eur. Phys. J.",
      volume         = "C32",
      year           = "2003",
      pages          = "347-375",
      doi            = "10.1140/epjc/s2003-01415-x",
      eprint         = "hep-ph/0302007",
      archivePrefix  = "arXiv",
      primaryClass   = "hep-ph",
      SLACcitation   = "%%CITATION = HEP-PH/0302007;%%"
}
@article{Belitsky:2008bz,
      author         = "Belitsky, Andrei V. and Mueller, Dieter",
      title          = "{Refined analysis of photon leptoproduction off spinless
                        target}",
      journal        = "Phys. Rev.",
      volume         = "D79",
      year           = "2009",
      pages          = "014017",
      doi            = "10.1103/PhysRevD.79.014017",
      eprint         = "0809.2890",
      archivePrefix  = "arXiv",
      primaryClass   = "hep-ph",
      SLACcitation   = "%%CITATION = ARXIV:0809.2890;%%"
}

@article{Belitsky:2001ns,
      author         = "Belitsky, Andrei V. and Mueller, Dieter and Kirchner, A.",
      title          = "{Theory of deeply virtual Compton scattering on the
                        nucleon}",
      journal        = "Nucl. Phys.",
      volume         = "B629",
      year           = "2002",
      pages          = "323-392",
      doi            = "10.1016/S0550-3213(02)00144-X",
      eprint         = "hep-ph/0112108",
      archivePrefix  = "arXiv",
      primaryClass   = "hep-ph",
      reportNumber   = "DOE-ER-40762-009, UMD-PP-02-011, YITP-SB-01-51",
      SLACcitation   = "%%CITATION = HEP-PH/0112108;%%"
}

@article{Boffi:2007yc,
      author         = "Boffi, Sigfrido and Pasquini, Barbara",
      title          = "{Generalized parton distributions and the structure of
                        the nucleon}",
      journal        = "Riv. Nuovo Cim.",
      volume         = "30",
      year           = "2007",
      pages          = "387",
      doi            = "10.1393/ncr/i2007-10025-7",
      eprint         = "0711.2625",
      archivePrefix  = "arXiv",
      primaryClass   = "hep-ph",
      SLACcitation   = "%%CITATION = ARXIV:0711.2625;%%"
}
@article{Guidal:2013rya,
      author         = "Guidal, Michel and Moutarde, Hervé and Vanderhaeghen,
                        Marc",
      title          = "{Generalized Parton Distributions in the valence region
                        from Deeply Virtual Compton Scattering}",
      journal        = "Rept. Prog. Phys.",
      volume         = "76",
      year           = "2013",
      pages          = "066202",
      doi            = "10.1088/0034-4885/76/6/066202",
      eprint         = "1303.6600",
      archivePrefix  = "arXiv",
      primaryClass   = "hep-ph",
      SLACcitation   = "%%CITATION = ARXIV:1303.6600;%%"
}
@article{Berger:2001zb,
      author         = "Berger, Edgar R. and Cano, F. and Diehl, M. and Pire, B.",
      title          = "{Generalized parton distributions in the deuteron}",
      journal        = "Phys. Rev. Lett.",
      volume         = "87",
      year           = "2001",
      pages          = "142302",
      doi            = "10.1103/PhysRevLett.87.142302",
      eprint         = "hep-ph/0106192",
      archivePrefix  = "arXiv",
      primaryClass   = "hep-ph",
      reportNumber   = "CPHT-S029-0601, DESY-01-082",
      SLACcitation   = "%%CITATION = HEP-PH/0106192;%%"
}
@article{Vanderhaeghen:1999xj,
      author         = "Vanderhaeghen, M. and Guichon, Pierre A. M. and Guidal,
                        M.",
      title          = "{Deeply virtual electroproduction of photons and mesons
                        on the nucleon: Leading order amplitudes and power
                        corrections}",
      journal        = "Phys. Rev.",
      volume         = "D60",
      year           = "1999",
      pages          = "094017",
      doi            = "10.1103/PhysRevD.60.094017",
      eprint         = "hep-ph/9905372",
      archivePrefix  = "arXiv",
      primaryClass   = "hep-ph",
      SLACcitation   = "%%CITATION = HEP-PH/9905372;%%"
}
@article{Radyushkin:1998rt,
      author         = "Radyushkin, A. V.",
      title          = "{Nonforward parton densities and soft mechanism for
                        form-factors and wide angle Compton scattering in QCD}",
      journal        = "Phys. Rev.",
      volume         = "D58",
      year           = "1998",
      pages          = "114008",
      doi            = "10.1103/PhysRevD.58.114008",
      eprint         = "hep-ph/9803316",
      archivePrefix  = "arXiv",
      primaryClass   = "hep-ph",
      reportNumber   = "JLAB-THY-98-10",
      SLACcitation   = "%%CITATION = HEP-PH/9803316;%%"
}

@article{Guidal:2004nd,
      author         = "Guidal, M. and Polyakov, M. V. and Radyushkin, A. V. and
                        Vanderhaeghen, M.",
      title          = "{Nucleon form-factors from generalized parton
                        distributions}",
      journal        = "Phys. Rev.",
      volume         = "D72",
      year           = "2005",
      pages          = "054013",
      doi            = "10.1103/PhysRevD.72.054013",
      eprint         = "hep-ph/0410251",
      archivePrefix  = "arXiv",
      primaryClass   = "hep-ph",
      reportNumber   = "JLAB-THY-04-286",
      SLACcitation   = "%%CITATION = HEP-PH/0410251;%%"
}
@article{Alexandrou:2012da,
      author         = "Alexandrou, C. and Papanicolas, C. N. and Vanderhaeghen,
                        M.",
      title          = "{The Shape of Hadrons}",
      journal        = "Rev. Mod. Phys.",
      volume         = "84",
      year           = "2012",
      pages          = "1231",
      doi            = "10.1103/RevModPhys.84.1231",
      eprint         = "1201.4511",
      archivePrefix  = "arXiv",
      primaryClass   = "hep-ph",
      SLACcitation   = "%%CITATION = ARXIV:1201.4511;%%"
}

@article{Dupre:2017hfs,
      author         = "Dupré, Raphaël and Guidal, Michel and Niccolai, Silvia
                        and Vanderhaeghen, Marc",
      title          = "{Analysis of Deeply Virtual Compton Scattering Data at
                        Jefferson Lab and Proton Tomography}",
      journal        = "Eur. Phys. J.",
      volume         = "A53",
      year           = "2017",
      number         = "8",
      pages          = "171",
      doi            = "10.1140/epja/i2017-12356-8",
      eprint         = "1704.07330",
      archivePrefix  = "arXiv",
      primaryClass   = "hep-ph",
      SLACcitation   = "%%CITATION = ARXIV:1704.07330;%%"
}
@article{Dupre:2016mai,
      author         = "Dupré, Raphaël and Guidal, Michel and Vanderhaeghen,
                        Marc",
      title          = "{Tomographic image of the proton}",
      journal        = "Phys. Rev.",
      volume         = "D95",
      year           = "2017",
      number         = "1",
      pages          = "011501",
      doi            = "10.1103/PhysRevD.95.011501",
      eprint         = "1606.07821",
      archivePrefix  = "arXiv",
      primaryClass   = "hep-ph",
      SLACcitation   = "%%CITATION = ARXIV:1606.07821;%%"
}
@article{Balossino:2016nly,
      author         = "Balossino, I. and others",
      title          = "{The HPS electromagnetic calorimeter}",
      collaboration  = "HPS",
      journal        = "Nucl. Instrum. Meth.",
      volume         = "A854",
      year           = "2017",
      pages          = "89-99",
      doi            = "10.1016/j.nima.2017.02.065",
      eprint         = "1610.04319",
      archivePrefix  = "arXiv",
      primaryClass   = "physics.ins-det",
      reportNumber   = "JLAB-PHY-16-2374",
      SLACcitation   = "%%CITATION = ARXIV:1610.04319;%%"
}
@article{Dupre:2015jha,
      author         = "Dupré, R. and Scopetta, S.",
      title          = "{3D Structure and Nuclear Targets}",
      journal        = "Eur. Phys. J.",
      volume         = "A52",
      year           = "2016",
      number         = "6",
      pages          = "159",
      doi            = "10.1140/epja/i2016-16159-1",
      eprint         = "1510.00794",
      archivePrefix  = "arXiv",
      primaryClass   = "nucl-ex",
      SLACcitation   = "%%CITATION = ARXIV:1510.00794;%%"
}

@article{Airapetian:2009cga,
      author         = "Airapetian, A. and others",
      title          = "{Nuclear-mass dependence of azimuthal beam-helicity and
                        beam-charge asymmetries in deeply virtual Compton
                        scattering}",
      collaboration  = "HERMES",
      journal        = "Phys. Rev.",
      volume         = "C81",
      year           = "2010",
      pages          = "035202",
      doi            = "10.1103/PhysRevC.81.035202",
      eprint         = "0911.0091",
      archivePrefix  = "arXiv",
      primaryClass   = "hep-ex",
      reportNumber   = "DESY-09-190",
      SLACcitation   = "%%CITATION = ARXIV:0911.0091;%%"
}
@article{Liuti:2005gi,
      author         = "Liuti, S. and Taneja, S. K.",
      title          = "{Microscopic description of deeply virtual Compton
                        scattering off spin-0 nuclei}",
      journal        = "Phys. Rev.",
      volume         = "C72",
      year           = "2005",
      pages          = "032201",
      doi            = "10.1103/PhysRevC.72.032201",
      eprint         = "hep-ph/0505123",
      archivePrefix  = "arXiv",
      primaryClass   = "hep-ph",
      SLACcitation   = "%%CITATION = HEP-PH/0505123;%%"
}
@article{GonzalezHernandez:2012jv,
      author         = "Gonzalez-Hernandez, J. Osvaldo and Liuti, Simonetta and
                        Goldstein, Gary R. and Kathuria, Kunal",
      title          = "{Interpretation of the Flavor Dependence of Nucleon Form
                        Factors in a Generalized Parton Distribution Model}",
      journal        = "Phys. Rev.",
      volume         = "C88",
      year           = "2013",
      number         = "6",
      pages          = "065206",
      doi            = "10.1103/PhysRevC.88.065206",
      eprint         = "1206.1876",
      archivePrefix  = "arXiv",
      primaryClass   = "hep-ph",
      SLACcitation   = "%%CITATION = ARXIV:1206.1876;%%"
}
@article{Braun:2012bg,
      author         = "Braun, V. M. and Manashov, A. N. and Pirnay, B.",
      title          = "{Finite-t and target mass corrections to DVCS on a scalar
                        target}",
      journal        = "Phys. Rev.",
      volume         = "D86",
      year           = "2012",
      pages          = "014003",
      doi            = "10.1103/PhysRevD.86.014003",
      eprint         = "1205.3332",
      archivePrefix  = "arXiv",
      primaryClass   = "hep-ph",
      reportNumber   = "IPHT-T12-038",
      SLACcitation   = "%%CITATION = ARXIV:1205.3332;%%"
}
@article{Hattawy:2017woc,
      author         = "Hattawy, M. and others",
      title          = "{First Exclusive Measurement of Deeply Virtual Compton
                        Scattering off $^4$He: Toward the 3D Tomography of
                        Nuclei}",
      collaboration  = "CLAS",
      journal        = "Phys. Rev. Lett.",
      volume         = "119",
      year           = "2017",
      number         = "20",
      pages          = "202004",
      doi            = "10.1103/PhysRevLett.119.202004",
      eprint         = "1707.03361",
      archivePrefix  = "arXiv",
      primaryClass   = "nucl-ex",
      reportNumber   = "JLAB-PHY-17-2543",
      SLACcitation   = "%%CITATION = ARXIV:1707.03361;%%"
}
@article{Hattawy:2018liu,
      author         = "Hattawy, M. and others",
      title          = "{Deeply Virtual Compton Scattering measurement off bound
                        protons}",
      collaboration  = "CLAS",
      journal        = "Phys. Rev. Lett.",
      volume         = "123",
      year           = "2019",
      number         = "3",
      pages          = "032502",
      doi            = "10.1103/PhysRevLett.123.032502",
      eprint         = "1812.07628",
      archivePrefix  = "arXiv",
      primaryClass   = "nucl-ex",
      reportNumber   = "JLAB-PHY-19-2819",
      SLACcitation   = "%%CITATION = ARXIV:1812.07628;%%"
}
@article{CiofidegliAtti:1999kp,
      author         = "Ciofi degli Atti, Claudio and Kaptari, L. P. and
                        Scopetta, S.",
      title          = "{Semiinclusive deep inelastic lepton scattering off
                        complex nuclei}",
      journal        = "Eur. Phys. J.",
      volume         = "A5",
      year           = "1999",
      pages          = "191-207",
      doi            = "10.1007/s100500050275",
      eprint         = "hep-ph/9904486",
      archivePrefix  = "arXiv",
      primaryClass   = "hep-ph",
      SLACcitation   = "%%CITATION = HEP-PH/9904486;%%"
}

@article{Fucini:2018gso,
      author         = "Fucini, Sara and Scopetta, Sergio and Viviani, Michele",
      title          = "{Coherent deeply virtual Compton scattering off $^4$He}",
      journal        = "Phys. Rev.",
      volume         = "C98",
      year           = "2018",
      number         = "1",
      pages          = "015203",
      doi            = "10.1103/PhysRevC.98.015203",
      eprint         = "1805.05877",
      archivePrefix  = "arXiv",
      primaryClass   = "nucl-th",
      SLACcitation   = "%%CITATION = ARXIV:1805.05877;%%"
}

@article{Fucini:2019xlc,
    author = "Fucini, Sara and Scopetta, Sergio and Viviani, Michele",
    archivePrefix = "arXiv",
    doi = "10.1103/PhysRevD.101.071501",
    eprint = "1909.12261",
    journal = "Phys. Rev. D",
    number = "7",
    pages = "071501",
    primaryClass = "nucl-th",
    title = "{Catching a glimpse of the parton structure of the bound proton}",
    volume = "101",
    year = "2020"
}

@article{Viviani:2001wu,
    author = "Viviani, M. and Kievsky, A. and Rinat, A.",
    archivePrefix = "arXiv",
    doi = "10.1103/PhysRevC.67.034003",
    eprint = "nucl-th/0111049",
    journal = "Phys. Rev. C",
    pages = "034003",
    title = "{GRS computation of deep inelastic electron scattering on He-4}",
    volume = "67",
    year = "2003"
}

@article{Wiringa:1994wb,
    author = "Wiringa, Robert B. and Stoks, V.G.J. and Schiavilla, R.",
    archivePrefix = "arXiv",
    doi = "10.1103/PhysRevC.51.38",
    eprint = "nucl-th/9408016",
    journal = "Phys. Rev. C",
    pages = "38--51",
    reportNumber = "PHY-7742-TH-94, CEBAF-TH-94-19",
    title = "{An Accurate nucleon-nucleon potential with charge independence breaking}",
    volume = "51",
    year = "1995"
}

@article{Pudliner:1995wk,
    author = "Pudliner, B.S. and Pandharipande, V.R. and Carlson, J. and Wiringa, Robert B.",
    archivePrefix = "arXiv",
    doi = "10.1103/PhysRevLett.74.4396",
    eprint = "nucl-th/9502031",
    journal = "Phys. Rev. Lett.",
    pages = "4396--4399",
    reportNumber = "ANL-PREPRINT-PHY-7932-TH-95",
    title = "{Quantum Monte Carlo calculations of A <= 6 nuclei}",
    volume = "74",
    year = "1995"
}

@article{Goloskokov:2011rd,
    author = "Goloskokov, S.V. and Kroll, P.",
    archivePrefix = "arXiv",
    doi = "10.1140/epja/i2011-11112-6",
    eprint = "1106.4897",
    journal = "Eur. Phys. J. A",
    pages = "112",
    primaryClass = "hep-ph",
    reportNumber = "WU-B-11-06",
    title = "{Transversity in hard exclusive electroproduction of pseudoscalar mesons}",
    volume = "47",
    year = "2011"
}

@article{Cosyn:2017ekf,
      author         = "Cosyn, W. and Sargsian, M.",
      title          = "{Nuclear final-state interactions in deep inelastic
                        scattering off the lightest nuclei}",
      journal        = "Int. J. Mod. Phys.",
      volume         = "E26",
      year           = "2017",
      number         = "09",
      pages          = "1730004",
      doi            = "10.1142/S0218301317300041",
      eprint         = "1704.06117",
      archivePrefix  = "arXiv",
      primaryClass   = "nucl-th",
      SLACcitation   = "%%CITATION = ARXIV:1704.06117;%%"
}
@article{Dupre:2017upj,
      author         = "Dupré, R. and others",
      title          = "{A radial time projection chamber for $\alpha$ detection
                        in CLAS at JLab}",
      journal        = "Nucl. Instrum. Meth.",
      volume         = "A898",
      year           = "2018",
      pages          = "90-97",
      doi            = "10.1016/j.nima.2018.04.052",
      eprint         = "1706.10160",
      archivePrefix  = "arXiv",
      primaryClass   = "physics.ins-det",
      reportNumber   = "JLAB-PHY-17-2530",
      SLACcitation   = "%%CITATION = ARXIV:1706.10160;%%"
}

@article{Benhar:2006wy,
      author         = "Benhar, Omar and day, Donal and Sick, Ingo",
      title          = "{Inclusive quasi-elastic electron-nucleus scattering}",
      journal        = "Rev. Mod. Phys.",
      volume         = "80",
      year           = "2008",
      pages          = "189-224",
      doi            = "10.1103/RevModPhys.80.189",
      eprint         = "nucl-ex/0603029",
      archivePrefix  = "arXiv",
      primaryClass   = "nucl-ex",
      SLACcitation   = "%%CITATION = NUCL-EX/0603029;%%"
}

@article{Strauch:2002wu,
      author         = "Strauch, S. and others",
      title          = "{Polarization transfer in the He-4 (polarized-e, e-prime
                        polarized-p) H-3 reaction up to Q**2 = 2.6-(GeV/c)**2}",
      collaboration  = "Jefferson Lab E93-049",
      journal        = "Phys. Rev. Lett.",
      volume         = "91",
      year           = "2003",
      pages          = "052301",
      doi            = "10.1103/PhysRevLett.91.052301",
      eprint         = "nucl-ex/0211022",
      archivePrefix  = "arXiv",
      primaryClass   = "nucl-ex",
      reportNumber   = "JLAB-PHY-02-44",
      SLACcitation   = "%%CITATION = NUCL-EX/0211022;%%"
}

@article{Baillie:2011za,
      author         = "Baillie, N. and others",
      title          = "{Measurement of the neutron F2 structure function via
                        spectator tagging with CLAS}",
      collaboration  = "CLAS",
      journal        = "Phys. Rev. Lett.",
      volume         = "108",
      year           = "2012",
      pages          = "142001",
      doi            = "10.1103/PhysRevLett.108.199902,
                        10.1103/PhysRevLett.108.142001",
      note           = "[Erratum: Phys. Rev. Lett.108,199902(2012)]",
      eprint         = "1110.2770",
      archivePrefix  = "arXiv",
      primaryClass   = "nucl-ex",
      reportNumber   = "JLAB-PHY-11-1427",
      SLACcitation   = "%%CITATION = ARXIV:1110.2770;%%"
}

@article{CiofidegliAtti:2003pb,
      author         = "Ciofi degli Atti, Claudio and Kaptari, L. P. and
                        Kopeliovich, B. Z.",
      title          = "{Final state interaction effects in semiinclusive DIS off
                        the deuteron}",
      journal        = "Eur. Phys. J.",
      volume         = "A19",
      year           = "2004",
      pages          = "145-151",
      doi            = "10.1140/epja/i2003-10117-0",
      eprint         = "nucl-th/0307052",
      archivePrefix  = "arXiv",
      primaryClass   = "nucl-th",
      SLACcitation   = "%%CITATION = NUCL-TH/0307052;%%"
}

@article{Alvioli:2006jd,
      author         = "Alvioli, M. and Ciofi degli Atti, C. and Palli, V.",
      title          = "{Slow proton production in semi-inclusive DIS off nuclei:
                        The Role of final state interaction}",
      booktitle      = "{Perspectives in hadronic physics. Proceedings, 5th
                        International Conference on perspectives in hadronic
                        physics, particle-nucleus and nucleus-nucleus scattering
                        at relativistic energies, Trieste, Italy, May 22-26,
                        2006}",
      journal        = "Nucl. Phys.",
      volume         = "A782",
      year           = "2007",
      pages          = "175-178",
      doi            = "10.1016/j.nuclphysa.2006.10.054",
      eprint         = "nucl-th/0609030",
      archivePrefix  = "arXiv",
      primaryClass   = "nucl-th",
      SLACcitation   = "%%CITATION = NUCL-TH/0609030;%%"
}

@article{CiofidegliAtti:2007ork,
      author         = "Ciofi degli Atti, C. and Frankfurt, L. L. and Kaptari, L.
                        P. and Strikman, M. I.",
      title          = "{On the dependence of the wave function of a bound
                        nucleon on its momentum and the EMC effect}",
      journal        = "Phys. Rev.",
      volume         = "C76",
      year           = "2007",
      pages          = "055206",
      doi            = "10.1103/PhysRevC.76.055206",
      eprint         = "0706.2937",
      archivePrefix  = "arXiv",
      primaryClass   = "nucl-th",
      SLACcitation   = "%%CITATION = ARXIV:0706.2937;%%"
}
@article{Strikman:2017koc,
      author         = "Strikman, M. and Weiss, C.",
      title          = "{Electron-deuteron deep-inelastic scattering with
                        spectator nucleon tagging and final-state interactions at
                        intermediate x}",
      journal        = "Phys. Rev.",
      volume         = "C97",
      year           = "2018",
      number         = "3",
      pages          = "035209",
      doi            = "10.1103/PhysRevC.97.035209",
      eprint         = "1706.02244",
      archivePrefix  = "arXiv",
      primaryClass   = "hep-ph",
      reportNumber   = "JLAB-THY-17-2488",
      SLACcitation   = "%%CITATION = ARXIV:1706.02244;%%"
}

@article{Fenker:2008zz,
      author         = "Fenker, Howard C. and others",
      title          = "{BoNuS: Development and Use of a Radial TPC using
                        Cylindrical GEMs}",
      journal        = "Nucl. Instrum. Meth.",
      volume         = "A592",
      year           = "2008",
      pages          = "273-286",
      doi            = "10.1016/j.nima.2008.04.047",
      reportNumber   = "JLAB-PHY-07-757",
      SLACcitation   = "%%CITATION = NUIMA,A592,273;%%"
}




%%%%%%%%%%%%%%%%%

@Article{Nakamura:2005hk,
     author    = "Nakamura, A. and Saito, T.",
     title     = "{QCD color interactions between two quarks}",
     journal   = "Phys. Lett.",
     volume    = "B621",
     year      = "2005",
     pages     = "171-175",
     eprint    = "hep-lat/0512043",
     archivePrefix = "arXiv",
     doi       = "10.1016/j.physletb.2005.06.053",
     SLACcitation  = "%%CITATION = HEP-LAT/0512043;%%"
}

@article{Boer:2011fh,
      author         = "Boer, Daniel and Diehl, Markus and Milner, Richard and
                        Venugopalan, Raju and Vogelsang, Werner and others",
      title          = "{Gluons and the quark sea at high energies:
                        Distributions, polarization, tomography}",
      year           = "2011",
      journal        = "EIC White Paper",
      eprint         = "1108.1713",
      archivePrefix  = "arXiv",
      primaryClass   = "nucl-th",
}

@Article{Clasie:2007gqa,
     author    = "Clasie, B. and others",
     title     = "{Measurement of Nuclear Transparency for the A(e,e' $\pi^+$)
                  Reaction}",
     journal   = "Phys. Rev. Lett.",
     volume    = "99",
     year      = "2007",
     pages     = "242502",
     doi       = "10.1103/PhysRevLett.99.242502"
}

@article{Akushevich:2001yp,
      author         = "Akushevich, I. and Ilyichev, A. and Shumeiko, N.",
      title          = "{Radiative effects in scattering of polarized leptons by
                        polarized nucleons and light nuclei}",
      year           = "2001",
      eprint         = "hep-ph/0106180",
      archivePrefix  = "arXiv",
      primaryClass   = "hep-ph",
}

@article{Akushevich:1998ft,
      author         = "Akushevich, I. and Bottcher, H. and Ryckbosch, D.",
      title          = "{RADGEN 1.0: Monte Carlo generator for radiative events
                        in DIS on polarized and unpolarized targets}",
      year           = "1998",
      eprint         = "hep-ph/9906408",
      archivePrefix  = "arXiv",
      primaryClass   = "hep-ph",
}

@article{Akushevich:2007jc,
      author         = "Akushevich, I. and Ilyichev, A. and Osipenko, M.",
      title          = "{Complete lowest order radiative corrections to five-fold
                        differential cross-section of hadron leptoproduction}",
      journal        = "Phys.Lett.",
      volume         = "B672",
      pages          = "35-44",
      doi            = "10.1016/j.physletb.2008.12.058",
      year           = "2009",
      eprint         = "0711.4789",
      archivePrefix  = "arXiv",
      primaryClass   = "hep-ph",
}

@Article{Andreopoulos:2009rq,
   author = "Andreopoulos, C. and others",
   title = "{The GENIE Neutrino Monte Carlo Generator}",
   journal = "Nucl. Instrum. Meth.",
   volume = "A614",
   year = "2010",
   pages = "87-104",
   eprint = "0905.2517",
   archivePrefix = "arXiv",
   primaryClass = "hep-ph",
   doi = "10.1016/j.nima.2009.12.009",
   SLACcitation = "%%CITATION = 0905.2517;%%"
}

@article{Roberts:1997vs,
      author         = "Roberts, Craig D.",
      title          = "{Nonperturbative effects in QCD at finite temperature and
                        density}",
      journal        = "Phys.Part.Nucl.",
      volume         = "30",
      pages          = "223-257",
      doi            = "10.1134/1.953105, 10.1134/1.953105",
      year           = "1999",
      eprint         = "nucl-th/9806088",
      archivePrefix  = "arXiv",
      primaryClass   = "nucl-th",
}

@article{Accardi:2009md,
      author         = "Accardi, A. and Hobbs, T. and Melnitchouk, W.",
      title          = "{Hadron mass corrections in semi-inclusive deep inelastic
                        scattering}",
      journal        = "JHEP",
      volume         = "0911",
      pages          = "084",
      doi            = "10.1088/1126-6708/2009/11/084",
      year           = "2009",
      eprint         = "0907.2395",
      archivePrefix  = "arXiv",
      primaryClass   = "hep-ph",
}

@article{Aznauryan:2011ub,
      author         = "Aznauryan, I. and Burkert, V.D. and Lee, T.-S.H. and
                        Mokeev, V.",
      title          = "{Results from the N* program at JLab}",
      year           = "2011",
      eprint         = "1102.0597",
      archivePrefix  = "arXiv",
      primaryClass   = "nucl-ex",
}

@article{Accardi:lumeic,
      author         = "Accardi, A.",
      title          = "{EIC Luminosity}",
      journal        = "https://eic.jlab.org/wiki/index.php /EIC$\_$luminosity",
      year           = "2010",
}

@article{Thomas:2009aa,
      author         = "Thomas, A. W.",
      title          = "{An Electron-Ion Collider at Jefferson lab}",
      volume         = "arXiv:0907.4785",
      year           = "2009",
}

@article{Otboev:2004vv,
      author         = "Otboev, A.V. and Shatunov, Y.M. and Ahrens, L. and Bai,
                        M. and Beebe-Wang, J. and others",
      title          = "{eRHIC, Future Electron-ion Collider at BNL}",
      journal        = "AIP Conf.Proc.",
      volume         = "842",
      pages          = "1046-1048",
      doi            = "10.1063/1.2220449",
      year           = "2006",
}

@article{Aidala:2007aa,
      author         = "Aidala, C. and others",
      title          = "{A High Luminosity, High Energy Electron-Ion-Collider}",
      collaboration  = "The EIC Working Group",
      journal        = "White Paper Prepared for the NSAC LRP 2007",
      year           = "2007",
}

@article{ElFassi:2011,
      author         = "El~Fassi, L. and others",
      title          = "{Evidence for the Onset of Color Transparency in $\rho^0$ Electroproduction off Nuclei}",
      collaboration  = "CLAS Collaboration",
      journal        = "To be published",
      year           = "2012",
}

@article{ElFassi:2008,
      author         = "El~Fassi, L. and others",
      title          = "{Search for the Onset of Color Transparency via 
                         $\rho^0$ Electroproduction off Nuclei}",
      collaboration  = "CLAS Collaboration",
      journal        = "Internal Analysis Note",
      year           = "2008",
}

@article{Mecking:2003zu,
      author         = "Mecking, B.A. and others",
      title          = "{The CEBAF Large Acceptance Spectrometer (CLAS)}",
      collaboration  = "CLAS Collaboration",
      journal        = "Nucl.Instrum.Meth.",
      volume         = "A503",
      pages          = "513-553",
      doi            = "10.1016/S0168-9002(03)01001-5",
      year           = "2003",
}

@article{Mestayer:2000we,
      author         = "Mestayer, M.D. and Carman, D.S. and Asavapibhop, B. and
                        Barbosa, F.J. and Bonneau, P. and others",
      title          = "{The CLAS drift chamber system}",
      journal        = "Nucl.Instrum.Meth.",
      volume         = "A449",
      pages          = "81-111",
      doi            = "10.1016/S0168-9002(00)00151-0",
      year           = "2000",
}
@article{Moutarde:2019tqa,
      author         = "Moutarde, H. and Sznajder, P. and Wagner, J.",
      title          = "{Unbiased determination of DVCS Compton Form Factors}",
      journal        = "Eur. Phys. J.",
      volume         = "C79",
      year           = "2019",
      number         = "7",
      pages          = "614",
      doi            = "10.1140/epjc/s10052-019-7117-5",
      eprint         = "1905.02089",
      archivePrefix  = "arXiv",
      primaryClass   = "hep-ph",
      SLACcitation   = "%%CITATION = ARXIV:1905.02089;%%"
}

@article{Pohl:2010zza,
      author         = "Pohl, Randolf and others",
      title          = "{The size of the proton}",
      journal        = "Nature",
      volume         = "466",
      year           = "2010",
      pages          = "213-216",
      doi            = "10.1038/nature09250",
      SLACcitation   = "%%CITATION = NATUA,466,213;%%"
}
@article{Burkardt:2000za,
      author         = "Burkardt, Matthias",
      title          = "{Impact parameter dependent parton distributions and off
                        forward parton distributions for $\zeta \rightarrow 0$}",
      journal        = "Phys. Rev.",
      volume         = "D62",
      year           = "2000",
      pages          = "071503",
      doi            = "10.1103/PhysRevD.62.071503, 10.1103/PhysRevD.66.119903",
      note           = "[Erratum: Phys. Rev.D66,119903(2002)]",
      eprint         = "hep-ph/0005108",
      archivePrefix  = "arXiv",
      primaryClass   = "hep-ph",
      SLACcitation   = "%%CITATION = HEP-PH/0005108;%%"
}

@article{Adams:2001kk,
      author         = "Adams, G. and Burkert, V. and Carl, R. and Carstens, T.
                        and Frolov, V. and others",
      title          = "{The CLAS Cherenkov detector}",
      journal        = "Nucl.Instrum.Meth.",
      volume         = "A465",
      pages          = "414-427",
      doi            = "10.1016/S0168-9002(00)01313-9",
      year           = "2001",
}

@article{Smith:1999ii,
      author         = "Smith, E.S. and Carstens, T. and Distelbrink, J. and
                        Eckhause, M. and Egiian, H. and others",
      title          = "{The time-of-flight system for CLAS}",
      journal        = "Nucl.Instrum.Meth.",
      volume         = "A432",
      pages          = "265-298",
      doi            = "10.1016/S0168-9002(99)00484-2",
      year           = "1999",
}

@article{Charles:2017nim,
      author         = "Charles, G. and others",
      title          = "{Carbon wire chamber at sub-atmospheric pressure}",
      journal        = "Nucl.Instrum.Meth.",
      volume         = "A855",
      pages          = "154",
      doi            = "10.1016/j.nima.2017.03.001",
      year           = "2017",
}

@article{Camsonne:2015aa,
      author         = "Camsonne, A. and others",
      title          = "{Measurement of Double Deeply Virtual Compton Scatteringin the di-muon channel 
	      with the SoLID spectrometer}",
      journal        = "A letter of intent to PAC 43",
      year           = "2015",
}

@article{Guidal:2016aa,
      author         = "Guidal, M. and others",
      title          = "{Electroproduction of muon pairs with CLAS12: Doube DVCS and 
	      $J/\Psi$ electroproduction}",
      journal        = "A letter of intent to PAC 44",
      year           = "2016",
}

@article{Albayra:2012aa,
      author         = "Albayra, I. and others",
      title          = "{Timelike Compton Scattering and $J/\Psi$ photoproduction on the proton in 
	      e$^+$e$^-$ pair production with CLAS12 at 11 GeV}",
      journal        = "A proposal to PAC 39",
      year           = "2012",
}

@article{Havakian:2012aa,
      author         = "Havakian, H. and others",
      title          = "{Exclusive Phi Meson Electroproduction with CLAS12}",
      journal        = "A proposal to PAC 39",
      year           = "2012",
}

@article{Fradi:2011aa,
      author         = "Fradi, A. and others",
      title          = "{Deeply Virtual Compton Scattering on the Neutron with CLAS12 at 11 GeV}",
      journal        = "A proposal to PAC 38",
      year           = "2011",
}

@article{Amarian:2006aa,
      author         = "Amarian, M. and others",
      title          = "{The Longitudinal Spin Structure of the Nucleon}",
      journal        = "A proposal to PAC 30",
      year           = "2006",
      howpublished   = "\url{https://www.jlab.org/exp_prog/proposals/06/PR12-06-109.pdf}",
}

@article{Hafidi:2008aa,
      author         = "Hafidi, K. and others",
      title          = "{Deeply Virtual Compton Scattering off $^4$He}",
      journal        = "A proposal to PAC 33",
      year           = "2008",
      howpublished   = "\url{https://www.jlab.org/exp_prog/proposals/08/PR-08-024.pdf}",
}

@article{Hafidi:2006aa,
      author         = "Hafidi, K. and others",
      title          = "{Quark Propagation and Hadron Formation}",
      journal        = "A proposal to PAC 30",
      year           = "2006",
}

@article{Brooks:2002aa,
      author         = "Brooks, W. and others",
      title          = "{Quark Propagation Through Cold QCD Matter}",
      journal        = "A proposal to PAC 22",
      year           = "2002",
}

@article{Hafidi:2002aa,
      author         = "Hafidi, K. and others",
      title          = "{$Q^2$ Dependence of Nuclear Transparency for Incoherent $\rho^0$ Electroproduction}",
      journal        = "A proposal to PAC 22",
      year           = "2002",
}
@article{Hafidi:2006ab,
      author         = "Hafidi, K. and others",
      title          = "{Study of Color Transparency in Exclusive Vector Meson Electroproduction off Nuclei}",
      journal        = "A proposal to PAC 30",
      year           = "2006",
}


@article{Brooks:2010aa,
      author         = "Brooks, W. K. and others",
      title          = "{Quark Propagation and Hadron Formation}",
      journal        = "10 pages update to PAC 36",
      year           = "2010",
}

@article{Amarian:2010,
      author         = "Amarian, M. and others",
      title          = "{The Structure of the Free Neutron at Large $x$-Bjorken}",
      collaboration  = "CLAS12",
      journal        = "10 pages update to PAC 36",
      year           = "2010",
}
@article{Hattawy:2019rue,
      author         = "Hattawy, M. and others",
      title          = "{Neutron DVCS Measurements with BONuS12 in CLAS12}",
      collaboration  = "CLAS12 Run-Group",
      year           = "2019",
      eprint         = "1908.00949",
      journal        = "A proposal to PAC 47",
      archivePrefix  = "arXiv",
      primaryClass   = "nucl-ex",
      SLACcitation   = "%%CITATION = ARXIV:1908.00949;%%"
}

@article{Armstrong:2017zqr,
      author         = "Armstrong, Whitney and others",
      title          = "{Tagged EMC Measurements on Light Nuclei}",
      journal        = "A proposal to PAC 45",
      year           = "2017",
      eprint         = "1708.00891",
      archivePrefix  = "arXiv",
      primaryClass   = "nucl-ex",
      SLACcitation   = "%%CITATION = ARXIV:1708.00891;%%"
}
@article{Armstrong:2017wfw,
      author         = "Armstrong, Whitney and others",
      title          = "{Partonic Structure of Light Nuclei}",
      journal        = "A proposal to PAC 45",
      year           = "2017",
      eprint         = "1708.00888",
      archivePrefix  = "arXiv",
      primaryClass   = "nucl-ex",
      SLACcitation   = "%%CITATION = ARXIV:1708.00888;%%"
}
@article{Armstrong:2017zcm,
      author         = "Armstrong, Whitney R. and others",
      title          = "{Spectator-Tagged Deeply Virtual Compton Scattering on
                        Light Nuclei}",
      journal        = "A proposal to PAC 45",
      year           = "2017",
      eprint         = "1708.00835",
      archivePrefix  = "arXiv",
      primaryClass   = "nucl-ex",
      SLACcitation   = "%%CITATION = ARXIV:1708.00835;%%"
}


@article{Hakobyan:2008zz,
      author         = "Hakobyan, H. and Brooks, W.K. and Bruhwel, K. and
                        Burkert, V.D. and Carstens, T. and others",
      title          = "{A double-target system for precision measurements of
                        nuclear medium effects}",
      journal        = "Nucl.Instrum.Meth.",
      volume         = "A592",
      pages          = "218-223",
      doi            = "10.1016/j.nima.2008.04.055",
      year           = "2008",
}
@article{Egiyan:2005hs,
      author         = "Egiyan, K. S. and others",
      title          = "{Measurement of 2- and 3-nucleon short range correlation
                        probabilities in nuclei}",
      collaboration  = "CLAS",
      journal        = "Phys. Rev. Lett.",
      volume         = "96",
      year           = "2006",
      pages          = "082501",
      doi            = "10.1103/PhysRevLett.96.082501",
      eprint         = "nucl-ex/0508026",
      archivePrefix  = "arXiv",
      primaryClass   = "nucl-ex",
      reportNumber   = "JLAB-PHY-05-285",
      SLACcitation   = "%%CITATION = NUCL-EX/0508026;%%"
}
@article{Armesto:2006ph,
      author         = "Armesto, Nestor",
      title          = "{Nuclear shadowing}",
      journal        = "J. Phys.",
      volume         = "G32",
      year           = "2006",
      pages          = "R367-R394",
      doi            = "10.1088/0954-3899/32/11/R01",
      eprint         = "hep-ph/0604108",
      archivePrefix  = "arXiv",
      primaryClass   = "hep-ph",
      SLACcitation   = "%%CITATION = HEP-PH/0604108;%%"
}

@article{Fomin:2011ng,
      author         = "Fomin, N. and others",
      title          = "{New measurements of high-momentum nucleons and
                        short-range structures in nuclei}",
      journal        = "Phys. Rev. Lett.",
      volume         = "108",
      year           = "2012",
      pages          = "092502",
      doi            = "10.1103/PhysRevLett.108.092502",
      eprint         = "1107.3583",
      archivePrefix  = "arXiv",
      primaryClass   = "nucl-ex",
      reportNumber   = "JLAB-PHY-11-1408",
      SLACcitation   = "%%CITATION = ARXIV:1107.3583;%%"
}
@article{Ye:2017mvo,
      author         = "Ye, Z. and others",
      title          = "{Search for three-nucleon short-range correlations in
                        light nuclei}",
      collaboration  = "Hall A",
      journal        = "Phys. Rev.",
      volume         = "C97",
      year           = "2018",
      number         = "6",
      pages          = "065204",
      doi            = "10.1103/PhysRevC.97.065204",
      eprint         = "1712.07009",
      archivePrefix  = "arXiv",
      primaryClass   = "nucl-ex",
      reportNumber   = "JLAB-PHY-18-2639",
      SLACcitation   = "%%CITATION = ARXIV:1712.07009;%%"
}
@article{Frankfurt:2018gyr,
      author         = "Day, Donal B. and Frankfurt, Leonid L. and Sargsian,
                        Misak M. and Strikman, Mark I.",
      title          = "{Towards observation of three-nucleon short-range
                        correlations in high $Q^2 A(e, e')X$ reactions}",
      year           = "2018",
      eprint         = "1803.07629",
      archivePrefix  = "arXiv",
      journal        = "arXiv:1803.07629",
      primaryClass   = "nucl-th",
      reportNumber   = "NuPar-03-2018-01, NUPAR-03-2018-01",
      SLACcitation   = "%%CITATION = ARXIV:1803.07629;%%"
}
@article{Brooks:2009xg,
      author         = "Brooks, W.K. and Hakobyan, H.",
      title          = "{Experimental Studies of Hadronization and Parton
                        Propagation in the Space-Time Domain}",
      journal        = "Nucl.Phys.",
      volume         = "A830",
      pages          = "361C-368C",
      doi            = "10.1016/j.nuclphysa.2009.10.031",
      year           = "2009",
      eprint         = "0907.4606",
      archivePrefix  = "arXiv",
      primaryClass   = "hep-ex",
}

@article{Hicks:2009wf,
      author         = "Hicks, K. and Daniel, A.",
      title          = "{K(s)0 Hadronization Following DIS at CLAS}",
      collaboration  = "CLAS Collaboration",
      year           = "2009",
      eprint         = "0907.5362",
      archivePrefix  = "arXiv",
      primaryClass   = "nucl-ex",
}

@article{PAC30,
      author         = "Schoch, B. and others",
      title          = "{PAC 30 Recommendations}",
      year           = "2006",
}

@article{Burkardt:2007sc,
      author         = "Burkardt, Matthias",
      title          = "{GPDs with zeta not equal 0}",
      year           = "2007",
      eprint         = "0711.1881",
      archivePrefix  = "arXiv",
      journal        = "arXiv:0711.1881",
      primaryClass   = "hep-ph",
      SLACcitation   = "%%CITATION = ARXIV:0711.1881;%%"
}

@article{Strikman:2007nv,
      author         = "Strikman, Mark",
      title          = "{Color transparency: 33 years and still running}",
      year           = "2007",
      eprint         = "0711.1625",
      archivePrefix  = "arXiv",
      primaryClass   = "hep-ph",
}

@article{Brodsky:1988xz,
      author         = "Brodsky, Stanley J. and Mueller, Alfred H.",
      title          = "{Using Nuclei to Probe Hadronization in QCD}",
      journal        = "Phys.Lett.",
      volume         = "B206",
      pages          = "685",
      doi            = "10.1016/0370-2693(88)90719-8",
      year           = "1988",
}

@article{Bleve:2000hc,
      author         = "Bleve, C. and Co, G. and De Mitri, I. and Bernardini, P.
                        and Mancarella, G. and others",
      title          = "{Effects of nuclear reinteractions in quasielastic
                        neutrino nucleus scattering}",
      journal        = "Astropart.Phys.",
      volume         = "16",
      pages          = "145-155",
      doi            = "10.1016/S0927-6505(01)00106-2",
      year           = "2001",
      eprint         = "nucl-th/0012015",
      archivePrefix  = "arXiv",
      primaryClass   = "nucl-th",
}

@article{Amarian:2001zs,
      author         = "Amarian, M. and Asrian, G. and Beard, K. and Brooks, W.
                        and Burkert, V. and others",
      title          = "{The CLAS forward electromagnetic calorimeter}",
      journal        = "Nucl.Instrum.Meth.",
      volume         = "A460",
      pages          = "239-265",
      doi            = "10.1016/S0168-9002(00)00996-7",
      year           = "2001",
}

@article{deFlorian:2007hc,
      author         = "de Florian, Daniel and Sassot, Rodolfo and Stratmann,
                        Marco",
      title          = "{Global analysis of fragmentation functions for protons
                        and charged hadrons}",
      journal        = "Phys.Rev.",
      volume         = "D76",
      pages          = "074033",
      doi            = "10.1103/PhysRevD.76.074033",
      year           = "2007",
      eprint         = "0707.1506",
      archivePrefix  = "arXiv",
      primaryClass   = "hep-ph",
}

@article{deFlorian:2007aj,
      author         = "de Florian, Daniel and Sassot, Rodolfo and Stratmann,
                        Marco",
      title          = "{Global analysis of fragmentation functions for pions and
                        kaons and their uncertainties}",
      journal        = "Phys.Rev.",
      volume         = "D75",
      pages          = "114010",
      doi            = "10.1103/PhysRevD.75.114010",
      year           = "2007",
      eprint         = "hep-ph/0703242",
      archivePrefix  = "arXiv",
      primaryClass   = "HEP-PH",
}

@article{Schmookler:2019nvf,
      author         = "Schmookler, B. and others",
      title          = "{Modified structure of protons and neutrons in correlated
                        pairs}",
      collaboration  = "CLAS",
      journal        = "Nature",
      volume         = "566",
      year           = "2019",
      number         = "7744",
      pages          = "354-358",
      doi            = "10.1038/s41586-019-0925-9",
      SLACcitation   = "%%CITATION = NATUA,566,354;%%"
}

@article{deFlorian:2011fp,
      author         = "de Florian, Daniel and Sassot, Rodolfo and Zurita, Pia
                        and Stratmann, Marco",
      title          = "{Global Analysis of Nuclear Parton Distributions}",
      journal        = "Phys. Rev.",
      volume         = "D85",
      year           = "2012",
      pages          = "074028",
      doi            = "10.1103/PhysRevD.85.074028",
      eprint         = "1112.6324",
      archivePrefix  = "arXiv",
      primaryClass   = "hep-ph",
      SLACcitation   = "%%CITATION = ARXIV:1112.6324;%%"
}
@article{Cahn:1978se,
      author         = "Cahn, Robert N.",
      title          = "{Azimuthal Dependence in Leptoproduction: A Simple Parton
                        Model Calculation}",
      journal        = "Phys.Lett.",
      volume         = "B78",
      pages          = "269",
      doi            = "10.1016/0370-2693(78)90020-5",
      year           = "1978",
}

@article{Konig:1982uk,
      author         = "Konig, A. and Kroll, P.",
      title          = "{A realistic calculation of the azimuthal asymmetry in
                        semiinclusive deep inelastic scattering}",
      journal        = "Z.Phys.",
      volume         = "C16",
      pages          = "89",
      doi            = "10.1007/BF01573752",
      year           = "1982",
}

@misc{Accardi:WN,
      author         = "A. Accardi",
      title          = "{Quenching weights in DIS}", 
      howpublished   = "Working note, not published",
      year           = "2007",
}

@misc{Accardi:PC,
      author         = "A. Accardi",
      howpublished   = "Private communication",
      year           = "2009"
}

@misc{Gallmeister:INT,
      author         = "K.~Gallmeister",
      title          = "{eA collisions within GiBUU}", 
      howpublished   = "Talk at INT-10-3 workshop",
      year           = "2010",
}

@misc{Garfield,
      author         = "Garfield",
      title          = "http://garfield.web.cern.ch/garfield/", 
      year           = "1984-2010",
}

@misc{Manly:talk,
      author         = "S.~Manly",
      title          = "{Recent electron scattering results from 
                         Jefferson Laboratory}", 
      howpublished   = "NUFACT 2006 presentation",
      year           = "2006",
}

@article{Lafferty:1995jt,
      author         = "Lafferty, G.D. and Reeves, P.I. and Whalley, M.R.",
      title          = "{A Compilation of inclusive particle production data in
                        e+ e- annihilation}",
      journal        = "J.Phys.G",
      volume         = "G21",
      pages          = "A1-A151",
      doi            = "10.1088/0954-3899/21/12A/001",
      year           = "1995",
}

@article{Ito:2009zc,
      author         = "Ito, T. and Bentz, W. and Cloet, I.C. and Thomas, A.W.
                        and Yazaki, K.",
      title          = "{The NJL-jet model for quark fragmentation functions}",
      journal        = "Phys.Rev.",
      volume         = "D80",
      pages          = "074008",
      doi            = "10.1103/PhysRevD.80.074008",
      year           = "2009",
      eprint         = "0906.5362",
      archivePrefix  = "arXiv",
      primaryClass   = "nucl-th",
}


@Article{Hirai:2007cx,
     author    = "Hirai, M. and Kumano, S. and Nagai, T. -H. and Sudoh, K.",
     title     = "{Determination of fragmentation functions and their
                  uncertainties}",
     journal   = "Phys. Rev.",
     volume    = "D75",
     year      = "2007",
     pages     = "094009",
     eprint    = "hep-ph/0702250",
     archivePrefix = "arXiv",
     doi       = "10.1103/PhysRevD.75.094009",
     SLACcitation  = "%%CITATION = HEP-PH/0702250;%%"
}


@Article{Albino:2008fy,
     author    = "Albino, S. and Kniehl, B. A. and Kramer, G.",
     title     = "{AKK Update: Improvements from New Theoretical Input and
                  Experimental Data}",
     journal   = "Nucl. Phys.",
     volume    = "B803",
     year      = "2008",
     pages     = "42-104",
     eprint    = "0803.2768",
     archivePrefix = "arXiv",
     primaryClass  =  "hep-ph",
     doi       = "10.1016/j.nuclphysb.2008.05.017",
     SLACcitation  = "%%CITATION = 0803.2768;%%"
}

@article{Dokshitzer:1977sg,
      author         = "Dokshitzer, Yuri L.",
      title          = "{Calculation of the Structure Functions for Deep
                        Inelastic Scattering and e+ e- Annihilation by
                        Perturbation Theory in Quantum Chromodynamics.}",
      journal        = "Sov.Phys.JETP",
      volume         = "46",
      pages          = "641-653",
      year           = "1977",
}

@article{Dokshitzer:1991wu,
      author         = "Dokshitzer, Yuri L. and Khoze, Valery A. and Mueller,
                        Alfred H. and Troian, S.I.",
      title          = "{Basics of perturbative QCD}",
      year           = "1991",
}

@article{Altarelli:1977zs,
      author         = "Altarelli, Guido and Parisi, G.",
      title          = "{Asymptotic Freedom in Parton Language}",
      journal        = "Nucl.Phys.",
      volume         = "B126",
      pages          = "298",
      doi            = "10.1016/0550-3213(77)90384-4",
      year           = "1977",
}

@article{Gribov:1972ri,
      author         = "Gribov, V.N. and Lipatov, L.N.",
      title          = "{Deep inelastic e-p scattering in perturbation theory}",
      journal        = "Sov.J.Nucl.Phys.",
      volume         = "15",
      pages          = "438-450",
      year           = "1972",
}

@article{Geesaman:1995yd,
      author         = "Geesaman, Donald F. and Saito, K. and Thomas, Anthony
                        William",
      title          = "{The nuclear EMC effect}",
      journal        = "Ann.Rev.Nucl.Part.Sci.",
      volume         = "45",
      pages          = "337-390",
      doi            = "10.1146/annurev.ns.45.120195.002005",
      year           = "1995",
}

@article{Brock:1993sz,
      author         = "Brock, Raymond and others",
      title          = "{Handbook of perturbative QCD: Version 1.0}",
      collaboration  = "CTEQ Collaboration",
      journal        = "Rev.Mod.Phys.",
      volume         = "67",
      pages          = "157-248",
      doi            = "10.1103/RevModPhys.67.157",
      year           = "1995",
}


@Article{Accardi:2009qv,
     author    = "Accardi, Alberto and Arleo, Francois and Brooks, William K.
                  and D'Enterria, David and Muccifora, Valeria",
     title     = "{Parton Propagation and Fragmentation in QCD Matter}",
     journal   = "Riv. Nuovo Cim.",
     volume    = "32",
     year      = "2010",
     pages     = "439-553",
     eprint    = "0907.3534",
     archivePrefix = "arXiv",
     primaryClass  =  "nucl-th",
     doi       = "10.1393/ncr/i2009-10048-0",
     SLACcitation  = "%%CITATION = 0907.3534;%%"
}


@Article{Gallmeister:2005ad,
     author    = "Gallmeister, K. and Falter, T.",
     title     = "{Space-time picture of fragmentation in PYTHIA / JETSET for
                  HERMES and  RHIC}",
     journal   = "Phys. Lett.",
     volume    = "B630",
     year      = "2005",
     pages     = "40-48",
     eprint    = "nucl-th/0502015",
     archivePrefix = "arXiv",
     doi       = "10.1016/j.physletb.2005.08.135",
     SLACcitation  = "%%CITATION = NUCL-TH/0502015;%%"
}


@Article{Gyulassy:2003mc,
     author    = "Gyulassy, Miklos and Vitev, Ivan and Wang, Xin-Nian and
                  Zhang, Ben-Wei",
     title     = "{Jet quenching and radiative energy loss in dense nuclear
                  matter}",
     year      = "2003",
     eprint    = "nucl-th/0302077",
     archivePrefix = "arXiv",
     SLACcitation  = "%%CITATION = NUCL-TH/0302077;%%"
}


@Article{Accardi:2004gp,
     author    = "Accardi, Alberto and others",
     title     = "{Hard probes in heavy ion collisions at the LHC: Jet
                  physics}",
     year      = "2004",
     eprint    = "hep-ph/0310274",
     archivePrefix = "arXiv",
     SLACcitation  = "%%CITATION = HEP-PH/0310274;%%"
}


@Article{Majumder:2010qh,
     author    = "Majumder, A. and Van Leeuwen, M.",
     title     = "{The theory and phenomenology of perturbative QCD based jet
                  quenching}",
     year      = "2010",
     eprint    = "1002.2206",
     archivePrefix = "arXiv",
     primaryClass  =  "hep-ph",
     SLACcitation  = "%%CITATION = 1002.2206;%%"
}


@Article{Kopeliovich:2010uz,
     author    = "Kopeliovich, B. Z. and Nemchik, J.",
     title     = "{High-pT paradigms revisited}",
     journal   = "PoS",
     volume    = "CERP2010",
     year      = "2010",
     pages     = "025",
     eprint    = "1009.1162",
     archivePrefix = "arXiv",
     primaryClass  =  "hep-ph",
     SLACcitation  = "%%CITATION = 1009.1162;%%"
}

@Article{:2008afa,
     author    = "Albino, S. and others",
     title     = "{Parton fragmentation in the vacuum and in the medium}",
     year      = "2008",
     eprint    = "0804.2021",
     archivePrefix = "arXiv",
     primaryClass  =  "hep-ph",
     SLACcitation  = "%%CITATION = 0804.2021;%%"
}


@article{Adil:2006ra,
      author         = "Adil, Azfar and Vitev, Ivan",
      title          = "{Collisional dissociation of heavy mesons in dense QCD
                        matter}",
      journal        = "Phys.Lett.",
      volume         = "B649",
      pages          = "139-146",
      doi            = "10.1016/j.physletb.2007.03.050",
      year           = "2007",
      eprint         = "hep-ph/0611109",
      archivePrefix  = "arXiv",
      primaryClass   = "hep-ph",
}

@article{Nakamura:2010zzi,
      author         = "Nakamura, K. and others",
      title          = "{Review of particle physics}",
      collaboration  = "Particle Data Group",
      journal        = "J.Phys.G",
      volume         = "G37",
      pages          = "075021",
      doi            = "10.1088/0954-3899/37/7A/075021",
      year           = "2010",
}

@article{Teis:1996kx,
      author         = "Teis, S. and Cassing, W. and Effenberger, M. and Hombach,
                        A. and Mosel, U. and others",
      title          = "{Pion production in heavy ion collisions at SIS
                        energies}",
      journal        = "Z.Phys.",
      volume         = "A356",
      pages          = "421-435",
      doi            = "10.1007/s002180050198",
      year           = "1997",
      eprint         = "nucl-th/9609009",
      archivePrefix  = "arXiv",
      primaryClass   = "nucl-th",
}

@article{Liebing:2004us,
      author         = "Liebing, P.",
      title          = "{Can the gluon polarization in the nucleon be extracted
                        from HERMES data on single high-p(T) hadrons?}",
      year           = "2004",
}


@article{Andersson:1983ia,
      author         = "Andersson, Bo and Gustafson, G. and Ingelman, G. and
                        Sjostrand, T.",
      title          = "{Parton Fragmentation and String Dynamics}",
      journal        = "Phys.Rept.",
      volume         = "97",
      pages          = "31-145",
      doi            = "10.1016/0370-1573(83)90080-7",
      year           = "1983",
}

Physics and Manual > BibTeX

@article{Sjostrand:2006za,
      author         = "Sjostrand, Torbjorn and Mrenna, Stephen and Skands, Peter
                        Z.",
      title          = "{PYTHIA 6.4 Physics and Manual}",
      journal        = "JHEP",
      volume         = "0605",
      pages          = "026",
      doi            = "10.1088/1126-6708/2006/05/026",
      year           = "2006",
      eprint         = "hep-ph/0603175",
      archivePrefix  = "arXiv",
      primaryClass   = "hep-ph",
}



@article{Sjostrand:1984ic,
      author         = "Sjostrand, Torbjorn",
      title          = "{Jet fragmentation of multiparton configurations 
                         a string framework}",
      journal        = "Nucl.Phys.",
      volume         = "B248",
      pages          = "469",
      doi            = "10.1016/0550-3213(84)90607-2",
      year           = "1984",
}


@Article{collaboration:2011vk,
     author    = "collaboration, Duncan Prindle for the STAR",
     title     = "{Heavy Flavor and Jets at RHIC}",
     year      = "2011",
     eprint    = "1103.6053",
     archivePrefix = "arXiv",
     primaryClass  =  "nucl-ex",
     SLACcitation  = "%%CITATION = 1103.6053;%%"
}


@Article{Yang:2009zx,
     author    = "Yang, T. and Andreopoulos, C. and Gallagher, H. and
                  Hoffmann, K. and Kehayias, P.",
     title     = "{A Hadronization Model for Few-GeV Neutrino Interactions}",
     journal   = "Eur. Phys. J.",
     volume    = "C63",
     year      = "2009",
     pages     = "1-10",
     eprint    = "0904.4043",
     archivePrefix = "arXiv",
     primaryClass  =  "hep-ph",
     doi       = "10.1140/epjc/s10052-009-1094-z",
     SLACcitation  = "%%CITATION = 0904.4043;%%"
}


@Article{Grigoryan:2010mn,
     author    = "Grigoryan, L.",
     title     = "{Average formation length in string model}",
     journal   = "Phys. Rev.",
     volume    = "C81",
     year      = "2010",
     pages     = "045207",
     eprint    = "1002.1026",
     archivePrefix = "arXiv",
     primaryClass  =  "hep-ph",
     doi       = "10.1103/PhysRevC.81.045207",
     SLACcitation  = "%%CITATION = 1002.1026;%%"
}


@article{Kopeliovich:2003py,
      author         = "Kopeliovich, B.Z. and Nemchik, J. and Predazzi, E. and
                        Hayashigaki, A.",
      title          = "{Nuclear hadronization: Within or without?}",
      journal        = "Nucl.Phys.",
      volume         = "A740",
      pages          = "211-245",
      doi            = "10.1016/j.nuclphysa.2004.04.110",
      year           = "2004",
      eprint         = "hep-ph/0311220",
      archivePrefix  = "arXiv",
      primaryClass   = "hep-ph",
}

@article{Kopeliovich:2006xy,
      author         = "Kopeliovich, B.Z. and Nemchik, J. and Schmidt, Ivan",
      title          = "{Time Evolution of Jets and Perturbative Color
                        Neutralization}",
      journal        = "Nucl.Phys.",
      volume         = "A782",
      pages          = "224-233",
      doi            = "10.1016/j.nuclphysa.2006.10.059",
      year           = "2007",
      eprint         = "hep-ph/0608044",
      archivePrefix  = "arXiv",
      primaryClass   = "hep-ph",
}


@Article{Kopeliovich:2008uy,
     author    = "Kopeliovich, B. Z. and others",
     title     = "{Quantum-mechanical description of in-medium
                  fragmentation}",
     journal   = "Phys. Rev.",
     volume    = "C78",
     year      = "2008",
     pages     = "055204",
     eprint    = "0809.4613",
     archivePrefix = "arXiv",
     primaryClass  =  "hep-ph",
     doi       = "10.1103/PhysRevC.78.055204",
     SLACcitation  = "%%CITATION = 0809.4613;%%"
}


@article{Accardi:2004ut,
      author         = "Accardi, Alberto and Gyulassy, Miklos",
      title          = "{Cronin effect and geometrical shadowing in d + Au
                        collisions: pQCD versus CGC}",
      journal        = "J.Phys.G",
      volume         = "G30",
      pages          = "S969-S974",
      doi            = "10.1088/0954-3899/30/8/040",
      year           = "2004",
      eprint         = "nucl-th/0402101",
      archivePrefix  = "arXiv",
      primaryClass   = "nucl-th",
}


@Article{Accardi:2008fz,
     author    = "Accardi, Alberto",
     title     = "{An estimate of the prehadron production time}",
     year      = "2008",
     eprint    = "0808.0656",
     archivePrefix = "arXiv",
     primaryClass  =  "nucl-th",
     SLACcitation  = "%%CITATION = 0808.0656;%%"
}

@article{Arleo:2003yf,
      author         = "Arleo, Francois",
      title          = "{Parton energy loss or nuclear absorption: What quenches
                        hadron spectra at HERA?}",
      pages          = "558-563",
      year           = "2003",
      eprint         = "hep-ph/0309108",
      archivePrefix  = "arXiv",
      primaryClass   = "hep-ph",
      reportNumber   = "ECT*-03-26",
      SLACcitation   = "%%CITATION = HEP-PH/0309108;%%",
}


@Article{Arleo:2003jz,
     author    = "Arleo, Francois",
     title     = "{Quenching of hadron spectra in DIS on nuclear targets}",
     journal   = "Eur. Phys. J.",
     volume    = "C30",
     year      = "2003",
     pages     = "213-221",
     eprint    = "hep-ph/0306235",
     archivePrefix = "arXiv",
     doi       = "10.1140/epjc/s2003-01289-x",
     SLACcitation  = "%%CITATION = HEP-PH/0306235;%%"
}


@Article{Arleo:2002kh,
     author    = "Arleo, Francois",
     title     = "{Tomography of cold and hot QCD matter: Tools and
                  diagnosis. ((V))}",
     journal   = "JHEP",
     volume    = "11",
     year      = "2002",
     pages     = "044",
     eprint    = "hep-ph/0210104",
     archivePrefix = "arXiv",
     SLACcitation  = "%%CITATION = HEP-PH/0210104;%%"
}


@Article{Baier:1996sk,
     author    = "Baier, R. and Dokshitzer, Yuri L. and Mueller, Alfred H.
                  and Peigne, S. and Schiff, D.",
     title     = "{Radiative energy loss and p(T)-broadening of high energy
                  partons in nuclei}",
     journal   = "Nucl. Phys.",
     volume    = "B484",
     year      = "1997",
     pages     = "265-282",
     eprint    = "hep-ph/9608322",
     archivePrefix = "arXiv",
     doi       = "10.1016/S0550-3213(96)00581-0",
     SLACcitation  = "%%CITATION = HEP-PH/9608322;%%"
}

@article{Baier:1998kq,
      author         = "Baier, R. and Dokshitzer, Yuri L. and Mueller, Alfred H.
                        and Schiff, D.",
      title          = "{Medium induced radiative energy loss: Equivalence
                        between the BDMPS and Zakharov formalisms}",
      journal        = "Nucl.Phys.",
      volume         = "B531",
      pages          = "403-425",
      doi            = "10.1016/S0550-3213(98)00546-X",
      year           = "1998",
      eprint         = "hep-ph/9804212",
      archivePrefix  = "arXiv",
      primaryClass   = "hep-ph",
}

@article{Baier:2001yt,
      author         = "Baier, R. and Dokshitzer, Yuri L. and Mueller, Alfred H.
                        and Schiff, D.",
      title          = "{Quenching of hadron spectra in media}",
      journal        = "JHEP",
      volume         = "0109",
      pages          = "033",
      year           = "2001",
      eprint         = "hep-ph/0106347",
      archivePrefix  = "arXiv",
      primaryClass   = "hep-ph",
}


@article{DelDuca:1992ru,
      author         = "Del Duca, V. and Brodsky, Stanley J. and Hoyer, Paul",
      title          = "{The Space-time structure of deep inelastic lepton -
                        hadron scattering}",
      journal        = "Phys.Rev.",
      volume         = "D46",
      pages          = "931-943",
      doi            = "10.1103/PhysRevD.46.931",
      year           = "1992",
}


@article{Brodsky:1992nq,
      author         = "Brodsky, Stanley J. and Hoyer, Paul",
      title          = "{A Bound on the energy loss of partons in nuclei}",
      journal        = "Phys.Lett.",
      volume         = "B298",
      pages          = "165-170",
      doi            = "10.1016/0370-2693(93)91724-2",
      year           = "1993",
      eprint         = "hep-ph/9210262",
      archivePrefix  = "arXiv",
      primaryClass   = "hep-ph",
}


@article{Horowitz:2007su,
      author         = "Horowitz, W.A. and Gyulassy, M.",
      title          = "{Heavy quark jet tomography of Pb + Pb at LHC: AdS/CFT
                        drag or pQCD energy loss?}",
      journal        = "Phys.Lett.",
      volume         = "B666",
      pages          = "320-323",
      doi            = "10.1016/j.physletb.2008.04.065",
      year           = "2008",
      eprint         = "0706.2336",
      archivePrefix  = "arXiv",
      primaryClass   = "nucl-th",
}


@article{Horowitz:2008ig,
      author         = "Horowitz, W.A. and Gyulassy, M.",
      title          = "{Testing AdS/CFT Drag and pQCD Heavy Quark Energy Loss}",
      journal        = "J.Phys.G",
      volume         = "G35",
      pages          = "104152",
      doi            = "10.1088/0954-3899/35/10/104152",
      year           = "2008",
      eprint         = "0804.4330",
      archivePrefix  = "arXiv",
      primaryClass   = "hep-ph",
}


@article{Horowitz:2010yi,
      author         = "Horowitz, W.A.",
      title          = "{Qualitative and Quantitative Energy Loss?}",
      journal        = "Nucl.Phys.",
      volume         = "A855",
      pages          = "225-228",
      doi            = "10.1016/j.nuclphysa.2011.02.045",
      year           = "2011",
      eprint         = "1011.5965",
      archivePrefix  = "arXiv",
      primaryClass   = "hep-ph",
}

@article{Kopeliovich:1990sh,
      author         = "Kopeliovich, B.Z.",
      title          = "{ARE HIGH-ENERGY QUARKS ABSORBED IN NUCLEAR MATTER?}",
      journal        = "Phys.Lett.",
      volume         = "B243",
      pages          = "141-143",
      doi            = "10.1016/0370-2693(90)90970-H",
      year           = "1990",
}


@article{Domdey:2008aq,
      author         = "Domdey, S. and Grunewald, D. and Kopeliovich, B.Z. and
                        Pirner, H.J.",
      title          = "{Transverse Momentum Broadening in Semi-inclusive DIS on
                        Nuclei}",
      journal        = "Nucl.Phys.",
      volume         = "A825",
      pages          = "200-211",
      doi            = "10.1016/j.nuclphysa.2009.04.009",
      year           = "2009",
      eprint         = "0812.2838",
      archivePrefix  = "arXiv",
      primaryClass   = "hep-ph",
}


@article{Kopeliovich:2010aia,
      author         = "Kopeliovich, B.Z. and Potashnikova, I.K. and Schmidt,
                        Ivan",
      title          = "{Why heavy and light quarks radiate energy with similar
                        rates}",
      journal        = "Phys.Rev.",
      volume         = "C82",
      pages          = "037901",
      doi            = "10.1103/PhysRevC.82.037901",
      year           = "2010",
      eprint         = "1004.3920",
      archivePrefix  = "arXiv",
      primaryClass   = "hep-ph",
}


@article{Kopeliovich:2010jf,
      author         = "Kopeliovich, B.Z.",
      title          = "{Puzzles of $J/\Psi$ production off nuclei}",
      journal        = "Nucl.Phys.",
      volume         = "A854",
      pages          = "187-197",
      doi            = "10.1016/j.nuclphysa.2010.08.015",
      year           = "2011",
      eprint         = "1007.4513",
      archivePrefix  = "arXiv",
      primaryClass   = "hep-ph",
}


@article{Kopeliovich:2010aa,
      author         = "Kopeliovich, B.Z. and Potashnikova, I.K. and Schmidt,
                        Ivan",
      title          = "{Measuring the saturation scale in nuclei}",
      journal        = "Phys.Rev.",
      volume         = "C81",
      pages          = "035204",
      doi            = "10.1103/PhysRevC.81.035204",
      year           = "2010",
      eprint         = "1001.4281",
      archivePrefix  = "arXiv",
      primaryClass   = "hep-ph",
}


@article{Majumder:2007hx,
      author         = "Majumder, A. and Muller, Berndt",
      title          = "{Higher twist jet broadening and classical propagation}",
      journal        = "Phys.Rev.",
      volume         = "C77",
      pages          = "054903",
      doi            = "10.1103/PhysRevC.77.054903",
      year           = "2008",
      eprint         = "0705.1147",
      archivePrefix  = "arXiv",
      primaryClass   = "nucl-th",
}


@article{Muller:2010pm,
      author         = "Muller, Berndt",
      title          = "{Parton Energy Loss in Strongly Coupled AdS/CFT}",
      journal        = "Nucl.Phys.",
      volume         = "A855",
      pages          = "74-82",
      doi            = "10.1016/j.nuclphysa.2011.02.022",
      year           = "2011",
      eprint         = "1010.4258",
      archivePrefix  = "arXiv",
      primaryClass   = "hep-ph",
}


@article{Pirner:2003bq,
      author         = "Pirner, H.J.",
      title          = "{Particle production and propagation in nuclei}",
      journal        = "Acta Phys.Polon.",
      volume         = "B35",
      pages          = "131-138",
      year           = "2004",
      eprint         = "hep-ph/0311279",
      archivePrefix  = "arXiv",
      primaryClass   = "hep-ph",
}

@article{DeJager:1987qc,
      author         = "De Vries, H. and De Jager, C.W. and De Vries, C.",
      title          = "{Nuclear charge and magnetization density distribution
                        parameters from elastic electron scattering}",
      journal        = "Atom.Data Nucl.Data Tabl.",
      volume         = "36",
      pages          = "495-536",
      year           = "1987",
}

@article{Salgado:2002cd,
      author         = "Salgado, Carlos A. and Wiedemann, Urs Achim",
      title          = "{A Dynamical scaling law for jet tomography}",
      journal        = "Phys.Rev.Lett.",
      volume         = "89",
      pages          = "092303",
      doi            = "10.1103/PhysRevLett.89.092303",
      year           = "2002",
      eprint         = "hep-ph/0204221",
      archivePrefix  = "arXiv",
      primaryClass   = "hep-ph",
}


@article{Salgado:2003gb,
      author         = "Salgado, Carlos A. and Wiedemann, Urs Achim",
      title          = "{Calculating quenching weights}",
      journal        = "Phys.Rev.",
      volume         = "D68",
      pages          = "014008",
      doi            = "10.1103/PhysRevD.68.014008",
      year           = "2003",
      eprint         = "hep-ph/0302184",
      archivePrefix  = "arXiv",
      primaryClass   = "hep-ph",
}

@article{Song:2010zza,
      author         = "Song, Li-Hua and Duan, Chun-Gui",
      title          = "{Quark energy loss in semi-inclusive deep inelastic
                        scattering of leptons on nuclei}",
      journal        = "Phys.Rev.",
      volume         = "C81",
      pages          = "035207",
      doi            = "10.1103/PhysRevC.81.035207",
      year           = "2010",
}


@article{Verweij:2010ec,
      author         = "Verweij, Marta",
      title          = "{Comparison of radiative energy loss models in a hot QCD
                        medium}",
      journal        = "Nucl.Phys.",
      volume         = "A855",
      pages          = "359-362",
      doi            = "10.1016/j.nuclphysa.2011.02.079",
      year           = "2011",
      eprint         = "1012.0728",
      archivePrefix  = "arXiv",
      primaryClass   = "nucl-th",
}


@article{Gyulassy:2002yv,
      author         = "Gyulassy, M. and Levai, P. and Vitev, I.",
      title          = "{Reaction operator approach to multiple elastic
                        scatterings}",
      journal        = "Phys.Rev.",
      volume         = "D66",
      pages          = "014005",
      doi            = "10.1103/PhysRevD.66.014005",
      year           = "2002",
      eprint         = "nucl-th/0201078",
      archivePrefix  = "arXiv",
      primaryClass   = "nucl-th",
}

@article{Gyulassy:2000fs,
      author         = "Gyulassy, M. and Levai, P. and Vitev, I.",
      title          = "{NonAbelian energy loss at finite opacity}",
      journal        = "Phys.Rev.Lett.",
      volume         = "85",
      pages          = "5535-5538",
      doi            = "10.1103/PhysRevLett.85.5535",
      year           = "2000",
      eprint         = "nucl-th/0005032",
      archivePrefix  = "arXiv",
      primaryClass   = "nucl-th",
}


@article{Vitev:2007ve,
      author         = "Vitev, Ivan",
      title          = "{Non-Abelian energy loss in cold nuclear matter}",
      journal        = "Phys.Rev.",
      volume         = "C75",
      pages          = "064906",
      doi            = "10.1103/PhysRevC.75.064906",
      year           = "2007",
      eprint         = "hep-ph/0703002",
      archivePrefix  = "arXiv",
      primaryClass   = "hep-ph",
}


@article{Vitev:2009rd,
      author         = "Vitev, Ivan and Zhang, Ben-Wei",
      title          = "{Jet tomography of high-energy nucleus-nucleus collisions
                        at next-to-leading order}",
      journal        = "Phys.Rev.Lett.",
      volume         = "104",
      pages          = "132001",
      doi            = "10.1103/PhysRevLett.104.132001",
      year           = "2010",
      eprint         = "0910.1090",
      archivePrefix  = "arXiv",
      primaryClass   = "hep-ph",
}


@article{Wang:2002ri,
      author         = "Wang, Enke and Wang, Xin-Nian",
      title          = "{Jet tomography of dense and nuclear matter}",
      journal        = "Phys.Rev.Lett.",
      volume         = "89",
      pages          = "162301",
      doi            = "10.1103/PhysRevLett.89.162301",
      year           = "2002",
      eprint         = "hep-ph/0202105",
      archivePrefix  = "arXiv",
      primaryClass   = "hep-ph",
}



@article{Guo:2006kz,
      author         = "Guo, Yun and Zhang, Ben-Wei and Wang, Enke",
      title          = "{Parton Energy Loss at Twist-Six in Deeply Inelastic e-A
                        Scattering}",
      journal        = "Phys.Lett.",
      volume         = "B641",
      pages          = "38-44",
      doi            = "10.1016/j.physletb.2006.08.034",
      year           = "2006",
      eprint         = "hep-ph/0606312",
      archivePrefix  = "arXiv",
      primaryClass   = "hep-ph",
}


@article{Wang:2009qb,
      author         = "Deng, Wei-Tian and Wang, Xin-Nian",
      title          = "{Multiple Parton Scattering in Nuclei: Modified DGLAP
                        Evolution for Fragmentation Functions}",
      journal        = "Phys.Rev.",
      volume         = "C81",
      pages          = "024902",
      doi            = "10.1103/PhysRevC.81.024902",
      year           = "2010",
      eprint         = "0910.3403",
      archivePrefix  = "arXiv",
      primaryClass   = "hep-ph",
}


@article{Borghini:2005em,
      author         = "Borghini, Nicolas and Wiedemann, Urs Achim",
      title          = "{Distorting the hump-backed plateau of jets with dense
                        QCD matter}",
      year           = "2005",
      eprint         = "hep-ph/0506218",
      archivePrefix  = "arXiv",
      primaryClass   = "hep-ph",
}


@article{Zakharov:1996fv,
      author         = "Zakharov, B.G.",
      title          = "{Fully quantum treatment of the Landau-Pomeranchuk-Migdal
                        effect in QED and QCD}",
      journal        = "JETP Lett.",
      volume         = "63",
      pages          = "952-957",
      doi            = "10.1134/1.567126",
      year           = "1996",
      eprint         = "hep-ph/9607440",
      archivePrefix  = "arXiv",
      primaryClass   = "hep-ph",
}


@article{Zakharov:1997uu,
      author         = "Zakharov, B.G.",
      title          = "{Radiative energy loss of high-energy quarks in finite
                        size nuclear matter and quark - gluon plasma}",
      journal        = "JETP Lett.",
      volume         = "65",
      pages          = "615-620",
      doi            = "10.1134/1.567389",
      year           = "1997",
      eprint         = "hep-ph/9704255",
      archivePrefix  = "arXiv",
      primaryClass   = "hep-ph",
}


@article{Zakharov:1999zk,
      author         = "Zakharov, B.G.",
      title          = "{Transverse spectra of radiation processes in-medium}",
      journal        = "JETP Lett.",
      volume         = "70",
      pages          = "176-182",
      doi            = "10.1134/1.568149",
      year           = "1999",
      eprint         = "hep-ph/9906536",
      archivePrefix  = "arXiv",
      primaryClass   = "hep-ph",
}


@article{Zapp:2011ya,
      author         = "Zapp, Korinna Christine and Stachel, Johanna and
                        Wiedemann, Urs Achim",
      title          = "{A local Monte Carlo framework for coherent QCD parton
                        energy loss}",
      year           = "2011",
      eprint         = "1103.6252",
      archivePrefix  = "arXiv",
      primaryClass   = "hep-ph",
}


@article{Zapp:2010sp,
      author         = "Zapp, Korinna Christine",
      title          = "{Monte Carlo simulations of jet quenching in heavy ion
                        collisions}",
      journal        = "Nucl.Phys.",
      volume         = "A855",
      pages          = "60-66",
      doi            = "10.1016/j.nuclphysa.2011.02.019",
      year           = "2011",
      eprint         = "1012.0177",
      archivePrefix  = "arXiv",
      primaryClass   = "hep-ph",
}


@Article{Mulders:2000jt,
     author    = "Mulders, P. J.",
     title     = "{Current fragmentation in semi-inclusive leptoproduction}",
     journal   = "AIP Conf. Proc.",
     volume    = "588",
     year      = "2001",
     pages     = "75-88",
     eprint    = "hep-ph/0010199",
     archivePrefix = "arXiv",
     doi       = "10.1063/1.1413147",
     SLACcitation  = "%%CITATION = HEP-PH/0010199;%%"
}


@article{Arvidson:1984fz,
      author         = "Arvidson, A. and others",
      title          = "{Hadron production in 200 GeV $\mu$-copper and 
                         $\mu$-carbon deep inelastic interactions}",
      collaboration  = "European Muon Collaboration",
      journal        = "Nucl.Phys.",
      volume         = "B246",
      pages          = "381",
      doi            = "10.1016/0550-3213(84)90045-2",
      year           = "1984",
}


@article{Ashman:1991cx,
      author         = "Ashman, J. and others",
      title          = "{Comparison of forward hadrons produced in muon
                        interactions on nuclear targets and deuterium}",
      collaboration  = "European Muon Collaboration",
      journal        = "Z.Phys.",
      volume         = "C52",
      pages          = "1-12",
      doi            = "10.1007/BF01412322",
      year           = "1991",
}


@article{Hand:1978tx,
      author         = "Hand, L. and Petersen, D. and Scott, H. and Gottfried, K.
                        and Atac, M. and others",
      title          = "{Intranuclear cascading in deep inelastic scattering of
                        150-GeV muons in emulsion}",
      journal        = "Z.Phys.",
      volume         = "C1",
      pages          = "139-142",
      doi            = "10.1007/BF01445405",
      year           = "1979",
}


@article{Adams:1994ri,
      author         = "Adams, M.R. and others",
      title          = "{Nuclear shadowing, diffractive scattering and low
                        momentum protons in $\mu Xe$ interactions at 490-GeV}",
      collaboration  = "E665 Collaboration",
      journal        = "Z.Phys.",
      volume         = "C65",
      pages          = "225-244",
      doi            = "10.1007/BF01571879",
      year           = "1995",
}


@article{Hafidi:2006ig,
      author         = "Hafidi, Kawtar",
      title          = "{Dynamics Of Hadronization From Nuclear Semi Inclusive
                        Deep Inelastic Scattering}",
      collaboration  = "CLAS Collaboration",
      journal        = "AIP Conf.Proc.",
      volume         = "870",
      pages          = "669-672",
      doi            = "10.1063/1.2402726",
      year           = "2006",
      eprint         = "nucl-ex/0609005",
      archivePrefix  = "arXiv",
      primaryClass   = "nucl-ex",
}


@article{Airapetian:2000ks,
      author         = "Airapetian, A. and others",
      title          = "{Hadron formation in deep inelastic positron scattering
                        in a nuclear environment}",
      collaboration  = "HERMES Collaboration",
      journal        = "Eur.Phys.J.",
      volume         = "C20",
      pages          = "479-486",
      doi            = "10.1007/s100520100697",
      year           = "2001",
      eprint         = "hep-ex/0012049",
      archivePrefix  = "arXiv",
      primaryClass   = "hep-ex",
}


@article{Airapetian:2003mi,
      author         = "Airapetian, A. and others",
      title          = "{Quark fragmentation to $\pi^\pm$, $\pi^0$, $K^\pm$, $p$ and anti-$p$ in
                        the nuclear environment}",
      collaboration  = "HERMES Collaboration",
      journal        = "Phys.Lett.",
      volume         = "B577",
      pages          = "37-46",
      doi            = "10.1016/j.physletb.2003.10.026",
      year           = "2003",
      eprint         = "hep-ex/0307023",
      archivePrefix  = "arXiv",
      primaryClass   = "hep-ex",
}


@article{Airapetian:2005yh,
      author         = "Airapetian, A. and others",
      title          = "{Double hadron leptoproduction in the nuclear medium}",
      collaboration  = "HERMES Collaboration",
      journal        = "Phys.Rev.Lett.",
      volume         = "96",
      pages          = "162301",
      doi            = "10.1103/PhysRevLett.96.162301",
      year           = "2006",
      eprint         = "hep-ex/0510030",
      archivePrefix  = "arXiv",
      primaryClass   = "hep-ex",
}


@article{Airapetian:2007vu,
      author         = "Airapetian, A. and others",
      title          = "{Hadronization in semi-inclusive deep-inelastic
                        scattering on nuclei}",
      collaboration  = "HERMES Collaboration",
      journal        = "Nucl.Phys.",
      volume         = "B780",
      pages          = "1-27",
      doi            = "10.1016/j.nuclphysb.2007.06.004",
      year           = "2007",
      eprint         = "0704.3270",
      archivePrefix  = "arXiv",
      primaryClass   = "hep-ex",
}


@article{Airapetian:2009jy,
      author         = "Airapetian, A. and others",
      title          = "{Transverse momentum broadening of hadrons produced in
                        semi-inclusive deep-inelastic scattering on nuclei}",
      collaboration  = "HERMES Collaboration",
      journal        = "Phys.Lett.",
      volume         = "B684",
      pages          = "114-118",
      doi            = "10.1016/j.physletb.2010.01.020",
      year           = "2010",
      eprint         = "0906.2478",
      archivePrefix  = "arXiv",
      primaryClass   = "hep-ex",
}

@article{Airapetian:2011jp,
      author         = "Airapetian, A. and others",
      title          = "{Multidimensional Study of Hadronization in Nuclei}",
      collaboration  = "HERMES Collaboration",
      journal        = "Eur.Phys.J.",
      volume         = "A47",
      pages          = "113",
      doi            = "10.1140/epja/i2011-11113-5",
      year           = "2011",
      eprint         = "1107.3496",
      archivePrefix  = "arXiv",
      primaryClass   = "hep-ex",
}

@Article{Asaturyan:2011mq,
     author    = "Asaturyan, R. and others",
     title     = "{Semi-Inclusive Charged-Pion Electroproduction off Protons
                  and Deuterons: Cross Sections, Ratios and Access to the
                  Quark-Parton Model at Low Energies}",
     year      = "2011",
     eprint    = "1103.1649",
     archivePrefix = "arXiv",
     primaryClass  =  "nucl-ex",
     SLACcitation  = "%%CITATION = 1103.1649;%%"
}


@article{Nuruzzaman:2011dr,
      author         = "Nuruzzaman, and Dutta, D. and Arrington, J. and
                        Asaturyan, R. and Benmokhtar, F. and others",
      title          = "{Nuclear transparency and effective kaon-nucleon cross
                        section from the A(e, e'K+) reaction}",
      year           = "2011",
      eprint         = "1103.4120",
      archivePrefix  = "arXiv",
      primaryClass   = "nucl-ex",
}


@article{Osborne:1978ai,
      author         = "Osborne, L.S. and Bolon, C. and Lanza, R.L. and Luckey,
                        D. and Roth, D.G. and others",
      title          = "{Electroproduction of hadrons from nuclei}",
      journal        = "Phys.Rev.Lett.",
      volume         = "40",
      pages          = "1624",
      doi            = "10.1103/PhysRevLett.40.1624",
      year           = "1978",
}

@article{Hwa:2002pz,
      author         = "Hwa, Rudolph C. and Yang, C.B.",
      title          = "{Strangeness enhancement in the parton model}",
      journal        = "Phys.Rev.",
      volume         = "C66",
      pages          = "064903",
      doi            = "10.1103/PhysRevC.66.064903",
      year           = "2002",
      eprint         = "nucl-th/0206005",
      archivePrefix  = "arXiv",
      primaryClass   = "nucl-th",
}


@article{Accardi:2002tv,
      author         = "Accardi, Alberto and Muccifora, Valeria and Pirner,
                        Hans-Juergen",
      title          = "{Hadron production in deep inelastic lepton nucleus
                        scattering}",
      journal        = "Nucl.Phys.",
      volume         = "A720",
      pages          = "131-156",
      doi            = "10.1016/S0375-9474(03)00670-5",
      year           = "2003",
      eprint         = "nucl-th/0211011",
      archivePrefix  = "arXiv",
      primaryClass   = "nucl-th",
}


@article{Accardi:2005hk,
      author         = "Accardi, A. and Grunewald, D. and Muccifora, V. and
                        Pirner, H.J.",
      title          = "{Erratum: Atomic mass dependence of hadron production in
                        deep inelastic scattering on nuclei}",
      year           = "2005",
      eprint         = "hep-ph/0508036",
      archivePrefix  = "arXiv",
      primaryClass   = "hep-ph",
}


@article{Accardi:2007in,
      author         = "Accardi, Alberto",
      title          = "{Final state interactions and hadron quenching in cold
                        nuclear matter}",
      journal        = "Phys.Rev.",
      volume         = "C76",
      pages          = "034902",
      doi            = "10.1103/PhysRevC.76.034902",
      year           = "2007",
      eprint         = "0706.3227",
      archivePrefix  = "arXiv",
      primaryClass   = "nucl-th",
}

@article{Johnson:2000ph,
      author         = "Johnson, M.B. and others",
      title          = "{Energy loss of fast quarks in nuclei}",
      collaboration  = "FNAL E772 Collaboration",
      journal        = "Phys.Rev.Lett.",
      volume         = "86",
      pages          = "4483-4487",
      doi            = "10.1103/PhysRevLett.86.4483",
      year           = "2001",
      eprint         = "hep-ex/0010051",
      archivePrefix  = "arXiv",
      primaryClass   = "hep-ex",
}



@article{Bialas:1986cf,
      author         = "Bialas, A. and Gyulassy, M.",
      title          = "{Lund model and an outside - inside aspect of the inside
                        - outside cascade}",
      journal        = "Nucl.Phys.",
      volume         = "B291",
      pages          = "793",
      doi            = "10.1016/0550-3213(87)90496-2",
      year           = "1987",
}

@article{Bialas:1983kn,
      author         = "Bialas, A. and Chmaj, T.",
      title          = "{Leptoproduction of hadrons from nuclear targets and
                        fragmentation of quarks into hadrons}",
      journal        = "Phys.Lett.",
      volume         = "B133",
      pages          = "241",
      doi            = "10.1016/0370-2693(83)90569-5",
      year           = "1983",
}


@article{Falter:2004uc,
      author         = "Falter, T. and Cassing, W. and Gallmeister, K. and Mosel,
                        U.",
      title          = "{Hadron attenuation in deep inelastic lepton-nucleus
                        scattering}",
      journal        = "Phys.Rev.",
      volume         = "C70",
      pages          = "054609",
      doi            = "10.1103/PhysRevC.70.054609",
      year           = "2004",
      eprint         = "nucl-th/0406023",
      archivePrefix  = "arXiv",
      primaryClass   = "nucl-th",
}


@article{Falter:2003di,
      author         = "Falter, T. and Cassing, W. and Gallmeister, K. and Mosel,
                        U.",
      title          = "{Hadron formation and attenuation in deep inelastic
                        lepton scattering off nuclei}",
      journal        = "Phys.Lett.",
      volume         = "B594",
      pages          = "61-68",
      doi            = "10.1016/j.physletb.2004.04.089",
      year           = "2004",
      eprint         = "nucl-th/0303011",
      archivePrefix  = "arXiv",
      primaryClass   = "nucl-th",
}


@article{Gallmeister:2007an,
      author         = "Gallmeister, K. and Mosel, U.",
      title          = "{Time Dependent Hadronization via HERMES and EMC Data
                        Consistency}",
      journal        = "Nucl.Phys.",
      volume         = "A801",
      pages          = "68-79",
      doi            = "10.1016/j.nuclphysa.2007.12.009",
      year           = "2008",
      eprint         = "nucl-th/0701064",
      archivePrefix  = "arXiv",
      primaryClass   = "nucl-th",
}


@article{Akopov:2010pf,
      author         = "Akopov, N. and Grigoryan, L. and Akopov, Z.",
      title          = "{Study of the hadronization process in cold nuclear
                        medium}",
      journal        = "Eur.Phys.J.",
      volume         = "C70",
      pages          = "5-14",
      doi            = "10.1140/epjc/s10052-010-1451-y",
      year           = "2010",
      eprint         = "1003.3945",
      archivePrefix  = "arXiv",
      primaryClass   = "hep-ph",
}


@article{Grigoryan:2011pr,
      author         = "Grigoryan, L.",
      title          = "{Nuclear attenuation of high energy multi-hadron systems
                        in the string model}",
      year           = "2011",
      eprint         = "1103.4519",
      archivePrefix  = "arXiv",
      primaryClass   = "hep-ph",
}


@article{Arleo:2008dn,
      author         = "Arleo, Francois",
      title          = "{(Medium-modified) Fragmentation Functions}",
      journal        = "Eur.Phys.J.",
      volume         = "C61",
      pages          = "603-627",
      doi            = "10.1140/epjc/s10052-009-0871-z",
      year           = "2009",
      eprint         = "0810.1193",
      archivePrefix  = "arXiv",
      primaryClass   = "hep-ph",
}


@article{Armesto:2007dt,
      author         = "Armesto, Nestor and Cunqueiro, Leticia and Salgado,
                        Carlos A. and Xiang, Wen-Chang",
      title          = "{Medium-evolved fragmentation functions}",
      journal        = "JHEP",
      volume         = "0802",
      pages          = "048",
      doi            = "10.1088/1126-6708/2008/02/048",
      year           = "2008",
      eprint         = "0710.3073",
      archivePrefix  = "arXiv",
      primaryClass   = "hep-ph",
}


@article{Casher:1978wy,
      author         = "Casher, A. and Neuberger, H. and Nussinov, S.",
      title          = "{Chromoelectric Flux Tube Model of Particle Production}",
      journal        = "Phys.Rev.",
      volume         = "D20",
      pages          = "179-188",
      doi            = "10.1103/PhysRevD.20.179",
      year           = "1979",
}


@article{Czyzewski:1990wb,
      author         = "Czyzewski, J.",
      title          = "{Nuclear attenuation of a two hadron system and the
                        string model}",
      year           = "1990",
}


@article{Czyzewski:1990pg,
      author         = "Czyzewski, J.",
      title          = "{Formation time of multiparticle systems in the string
                        model}",
      journal        = "Phys.Rev.",
      volume         = "C43",
      pages          = "2426-2431",
      doi            = "10.1103/PhysRevC.43.2426",
      year           = "1991",
}

@article{Mardor:1998zf,
      author         = "Mardor, I. and Durrant, S. and Aclander, J. and Alster,
                        J. and Barton, D. and others",
      title          = "{Nuclear transparency in large momentum transfer
                        quasielastic scattering}",
      journal        = "Phys.Rev.Lett.",
      volume         = "81",
      pages          = "5085-5088",
      doi            = "10.1103/PhysRevLett.81.5085",
      year           = "1998",
}


@article{Deng:2010xv,
      author         = "Deng, Wei-Tian and Chang, Ning-Bo and Wang, Xin-Nian",
      title          = "{Modified DGLAP Evolution for Fragmentation Functions in
                        Nuclei and QGP}",
      journal        = "Nucl.Phys.",
      volume         = "A855",
      pages          = "416-419",
      doi            = "10.1016/j.nuclphysa.2011.02.094",
      year           = "2011",
      eprint         = "1012.1514",
      archivePrefix  = "arXiv",
      primaryClass   = "nucl-th",
}

@article{Kopeliovich:2007mm,
      author         = "Kopeliovich, B.Z. and Nemchik, J. and Schmidt, Ivan",
      title          = "{Color transparency in electroproduction of the 
                         $\rho$ meson at low energies}",
      journal        = "Phys.Rev.",
      volume         = "C76",
      pages          = "015205",
      doi            = "10.1103/PhysRevC.76.015205",
      year           = "2007",
      eprint         = "hep-ph/0702272",
      archivePrefix  = "arXiv",
      primaryClass   = "HEP-PH",
}

@Article{Kaskulov:2008ej,
     author    = "Kaskulov, Murat M. and Gallmeister, Kai and Mosel, Ulrich",
     title     = "{Pionic transparency in semi-exclusive electroproduction
                  off nuclei}",
     journal   = "Phys. Rev.",
     volume    = "C79",
     year      = "2009",
     pages     = "015207",
     eprint    = "0808.2564",
     archivePrefix = "arXiv",
     primaryClass  =  "nucl-th",
     doi       = "10.1103/PhysRevC.79.015207",
     SLACcitation  = "%%CITATION = 0808.2564;%%"
}


@article{Gyulassy:1990dk,
      author         = "Gyulassy, M. and Plumer, M.",
      title          = "{Jet quenching in lepton nucleus scattering}",
      journal        = "Nucl.Phys.",
      volume         = "B346",
      pages          = "1-16",
      doi            = "10.1016/0550-3213(90)90235-6",
      year           = "1990",
}


@article{Majumder:2004pt,
      author         = "Majumder, A. and Wang, Enke and Wang, Xin-Nian",
      title          = "{Modified dihadron fragmentation functions in hot and
                        nuclear matter}",
      journal        = "Phys.Rev.Lett.",
      volume         = "99",
      pages          = "152301",
      doi            = "10.1103/PhysRevLett.99.152301",
      year           = "2007",
      eprint         = "nucl-th/0412061",
      archivePrefix  = "arXiv",
      primaryClass   = "nucl-th",
}


@article{Sassot:2009sh,
      author         = "Sassot, Rodolfo and Stratmann, Marco and Zurita, Pia",
      title          = "{Fragmentations Functions in Nuclear Media}",
      journal        = "Phys.Rev.",
      volume         = "D81",
      pages          = "054001",
      doi            = "10.1103/PhysRevD.81.054001",
      year           = "2010",
      eprint         = "0912.1311",
      archivePrefix  = "arXiv",
      primaryClass   = "hep-ph",
}


@article{Anselmino:2011ss,
      author         = "Anselmino, Mauro and Barone, Vincenzo and Kotzinian,
                        Aram",
      title          = "{SIDIS in the target fragmentation region: Polarized and
                        transverse momentum dependent fracture functions}",
      year           = "2011",
      eprint         = "1102.4214",
      archivePrefix  = "arXiv",
      primaryClass   = "hep-ph",
}

@article{CiofidegliAtti:1995qe,
      author         = "Ciofi degli Atti, Claudio and Simula, S.",
      title          = "{Realistic model of the nucleon spectral function in few
                        and many nucleon systems}",
      journal        = "Phys.Rev.",
      volume         = "C53",
      pages          = "1689",
      doi            = "10.1103/PhysRevC.53.1689",
      year           = "1996",
      eprint         = "nucl-th/9507024",
      archivePrefix  = "arXiv",
      primaryClass   = "nucl-th",
}

@article{CiofidegliAtti:2004pv,
      author         = "Ciofi degli Atti, C. and Kopeliovich, B.Z.",
      title          = "{Time evolution of hadronization and grey tracks in DIS
                        off nuclei}",
      journal        = "Phys.Lett.",
      volume         = "B606",
      pages          = "281-287",
      doi            = "10.1016/j.physletb.2004.12.021",
      year           = "2005",
      eprint         = "hep-ph/0409077",
      archivePrefix  = "arXiv",
      primaryClass   = "hep-ph",
}


@article{Palli:2009it,
      author         = "Palli, V. and Ciofi degli Atti, C. and Kaptari, L.P. and
                        Mezzetti, C.B. and Alvioli, M.",
      title          = "{Slow Proton Production in Semi-Inclusive Deep Inelastic
                        Scattering off Deuteron and Complex Nuclei: Hadronization
                        and Final State Interaction Effects}",
      journal        = "Phys.Rev.",
      volume         = "C80",
      pages          = "054610",
      doi            = "10.1103/PhysRevC.80.054610",
      year           = "2009",
      eprint         = "0911.1377",
      archivePrefix  = "arXiv",
      primaryClass   = "nucl-th",
}

@article{Fries:2003kq,
      author         = "Fries, R.J. and Muller, Berndt and Nonaka, C. and Bass,
                        S.A.",
      title          = "{Hadron production in heavy ion collisions: Fragmentation
                        and recombination from a dense parton phase}",
      journal        = "Phys.Rev.",
      volume         = "C68",
      pages          = "044902",
      doi            = "10.1103/PhysRevC.68.044902",
      year           = "2003",
      eprint         = "nucl-th/0306027",
      archivePrefix  = "arXiv",
      primaryClass   = "nucl-th",
}

@article{Hwa:2004zd,
      author         = "Hwa, Rudolph C. and Yang, C.B.",
      title          = "{Final state interaction as the origin of the Cronin
                        effect}",
      journal        = "Phys.Rev.Lett.",
      volume         = "93",
      pages          = "082302",
      doi            = "10.1103/PhysRevLett.93.082302",
      year           = "2004",
      eprint         = "nucl-th/0403001",
      archivePrefix  = "arXiv",
      primaryClass   = "nucl-th",
}

@Article{Hwa:2010xb,
     author    = "Hwa, Rudy",
     title     = "{Recombination in nuclear collisions}",
     journal   = "PoS",
     volume    = "CERP2010",
     year      = "2010",
     pages     = "004",
     eprint    = "1009.0506",
     archivePrefix = "arXiv",
     primaryClass  =  "nucl-th",
     SLACcitation  = "%%CITATION = 1009.0506;%%"
}

@article{Kopeliovich:2007yv,
      author         = "Kopeliovich, B.Z. and Pirner, H.-J. and Potashnikova,
                        I.K. and Schmidt, Ivan",
      title          = "{Jet lag effect and leading hadron production}",
      journal        = "Phys.Lett.",
      volume         = "B662",
      pages          = "117-122",
      doi            = "10.1016/j.physletb.2008.02.061,
                        10.1016/j.physletb.2008.02.061",
      year           = "2008",
      eprint         = "0706.3059",
      archivePrefix  = "arXiv",
      primaryClass   = "hep-ph",
}


@article{Kopeliovich:2007fv,
      author         = "Kopeliovich, B.Z. and Pirner, H.J. and Rezaeian, A.H. and
                        Schmidt, Ivan",
      title          = "{Azimuthal anisotropy of direct photons}",
      journal        = "Phys.Rev.",
      volume         = "D77",
      pages          = "034011",
      doi            = "10.1103/PhysRevD.77.034011",
      year           = "2008",
      eprint         = "0711.3010",
      archivePrefix  = "arXiv",
      primaryClass   = "hep-ph",
}


@article{Pirner:2006ui,
      author         = "Pirner, H.J. and Grunewald, D.",
      title          = "{Higher Twist Effects in Deep Inelastic Scattering on
                        Nuclei}",
      journal        = "Nucl.Phys.",
      volume         = "A782",
      pages          = "158-165",
      doi            = "10.1016/j.nuclphysa.2006.10.053",
      year           = "2007",
      eprint         = "hep-ph/0608033",
      archivePrefix  = "arXiv",
      primaryClass   = "hep-ph",
}


@article{Farrar:1988me,
      author         = "Farrar, G.R. and Liu, H. and Frankfurt, L.L. and
                        Strikman, M.I.",
      title          = "{Transparency in Nuclear Quasiexclusive Processes with
                        Large Momentum Transfer}",
      journal        = "Phys.Rev.Lett.",
      volume         = "61",
      pages          = "686-689",
      doi            = "10.1103/PhysRevLett.61.686",
      year           = "1988",
}

